{"id": "gen9ou-2597578620", "format": "[Gen 9] OU", "players": ["Jauk123", "chizzycooker"], "log": "|j|\u2606Jauk123\n|j|\u2606chizzycooker\n|t:|1777496592\n|gametype|singles\n|player|p1|Jauk123|dawn|1504\n|player|p2|chizzycooker|fisherman-gen4|1541\n|gen|9\n|tier|[Gen 9] OU\n|rated|\n|rule|HP Percentage Mod: HP is shown in percentages\n|rule|Endless Battle Clause: Forcing endless battles is banned\n|rule|Species Clause: Limit one of each Pok\u00e9mon\n|rule|OHKO Clause: OHKO moves are banned\n|rule|Evasion Items Clause: Evasion items are banned\n|rule|Evasion Moves Clause: Evasion moves are banned\n|rule|Evasion Abilities Clause: Evasion abilities are banned\n|rule|Sleep Moves Clause: Sleep-inducing moves are banned\n|clearpoke\n|poke|p1|Clodsire, M|\n|poke|p1|Iron Moth|\n|poke|p1|Raging Bolt|\n|poke|p1|Rillaboom, F|\n|poke|p1|Corviknight, F|\n|poke|p1|Primarina, F|\n|poke|p2|Wo-Chien|\n|poke|p2|Quaquaval, M|\n|poke|p2|Garchomp, M|\n|poke|p2|Gholdengo|\n|poke|p2|Moltres|\n|poke|p2|Darkrai|\n|teampreview\n|inactive|Battle timer is ON: inactive players will automatically lose when time's up. (requested by chizzycooker)\n|\n|t:|1777496601\n|teamsize|p1|6\n|teamsize|p2|6\n|start\n|switch|p1a: Primarina|Primarina, F|100/100\n|switch|p2a: Garchomp|Garchomp, M|100/100\n|turn|1\n|\n|t:|1777496607\n|switch|p2a: Gholdengo|Gholdengo|100/100\n|move|p1a: Primarina|Ice Beam|p2a: Gholdengo\n|-resisted|p2a: Gholdengo\n|-damage|p2a: Gholdengo|78/100\n|\n|upkeep\n|turn|2\n|\n|t:|1777496611\n|move|p2a: Gholdengo|Trick|p1a: Primarina\n|-activate|p2a: Gholdengo|move: Trick|[of] p1a: Primarina\n|-item|p1a: Primarina|Choice Scarf|[from] move: Trick\n|-item|p2a: Gholdengo|Assault Vest|[from] move: Trick\n|move|p1a: Primarina|Surf|p2a: Gholdengo\n|-damage|p2a: Gholdengo|42/100\n|\n|upkeep\n|turn|3\n|\n|t:|1777496617\n|switch|p2a: Wo-Chien|Wo-Chien|100/100\n|-ability|p2a: Wo-Chien|Tablets of Ruin\n|move|p1a: Primarina|Surf|p2a: Wo-Chien\n|-resisted|p2a: Wo-Chien\n|-damage|p2a: Wo-Chien|82/100\n|\n|-heal|p2a: Wo-Chien|88/100|[from] item: Leftovers\n|upkeep\n|turn|4\n|\n|t:|1777496623\n|switch|p1a: Rillaboom|Rillaboom, F|100/100\n|-fieldstart|move: Grassy Terrain|[from] ability: Grassy Surge|[of] p1a: Rillaboom\n|move|p2a: Wo-Chien|Stun Spore|p1a: Rillaboom\n|-immune|p1a: Rillaboom\n|\n|-heal|p2a: Wo-Chien|94/100|[from] Grassy Terrain\n|-heal|p2a: Wo-Chien|100/100|[from] item: Leftovers\n|upkeep\n|turn|5\n|\n|t:|1777496627\n|move|p1a: Rillaboom|U-turn|p2a: Wo-Chien\n|-supereffective|p2a: Wo-Chien\n|-damage|p2a: Wo-Chien|9/100\n|\n|t:|1777496630\n|switch|p1a: Corviknight|Corviknight, F|100/100|[from] U-turn\n|-ability|p1a: Corviknight|Pressure\n|move|p2a: Wo-Chien|Foul Play|p1a: Corviknight\n|-damage|p1a: Corviknight|86/100\n|-damage|p2a: Wo-Chien|0 fnt|[from] item: Rocky Helmet|[of] p1a: Corviknight\n|faint|p2a: Wo-Chien\n|\n|upkeep\n|\n|t:|1777496633\n|switch|p2a: Garchomp|Garchomp, M|100/100\n|turn|6\n|\n|t:|1777496638\n|move|p2a: Garchomp|Stealth Rock|p1a: Corviknight\n|-sidestart|p1: Jauk123|move: Stealth Rock\n|move|p1a: Corviknight|Iron Defense|p1a: Corviknight\n|-boost|p1a: Corviknight|def|2\n|\n|upkeep\n|turn|7\n|\n|t:|1777496641\n|move|p2a: Garchomp|Spikes|p1a: Corviknight\n|-sidestart|p1: Jauk123|Spikes\n|move|p1a: Corviknight|Defog|p2a: Garchomp\n|-unboost|p2a: Garchomp|evasion|1\n|-sideend|p1: Jauk123|Spikes|[from] move: Defog|[of] p1a: Corviknight\n|-sideend|p1: Jauk123|Stealth Rock|[from] move: Defog|[of] p1a: Corviknight\n|-fieldend|move: Grassy Terrain\n|\n|upkeep\n|turn|8\n|\n|t:|1777496647\n|move|p2a: Garchomp|Stealth Rock|p1a: Corviknight\n|-sidestart|p1: Jauk123|move: Stealth Rock\n|move|p1a: Corviknight|Defog|p2a: Garchomp\n|-unboost|p2a: Garchomp|evasion|1\n|-sideend|p1: Jauk123|Stealth Rock|[from] move: Defog|[of] p1a: Corviknight\n|\n|upkeep\n|turn|9\n|\n|t:|1777496650\n|move|p2a: Garchomp|Spikes|p1a: Corviknight\n|-sidestart|p1: Jauk123|Spikes\n|move|p1a: Corviknight|Iron Defense|p1a: Corviknight\n|-boost|p1a: Corviknight|def|2\n|\n|upkeep\n|turn|10\n|\n|t:|1777496653\n|switch|p2a: Gholdengo|Gholdengo|42/100\n|move|p1a: Corviknight|Defog|p2a: Gholdengo\n|-immune|p2a: Gholdengo|[from] ability: Good as Gold\n|\n|upkeep\n|turn|11\n|\n|t:|1777496657\n|switch|p1a: Rillaboom|Rillaboom, F|100/100\n|-damage|p1a: Rillaboom|87/100|[from] Spikes\n|-fieldstart|move: Grassy Terrain|[from] ability: Grassy Surge|[of] p1a: Rillaboom\n|move|p2a: Gholdengo|Shadow Ball|p1a: Rillaboom\n|-damage|p1a: Rillaboom|27/100\n|\n|-heal|p2a: Gholdengo|48/100|[from] Grassy Terrain\n|-heal|p1a: Rillaboom|33/100|[from] Grassy Terrain\n|upkeep\n|turn|12\n|\n|t:|1777496660\n|move|p2a: Gholdengo|Shadow Ball|p1a: Rillaboom\n|-damage|p1a: Rillaboom|0 fnt\n|faint|p1a: Rillaboom\n|\n|-heal|p2a: Gholdengo|54/100|[from] Grassy Terrain\n|upkeep\n|\n|t:|1777496667\n|switch|p1a: Raging Bolt|Raging Bolt|100/100\n|-damage|p1a: Raging Bolt|87/100|[from] Spikes\n|-enditem|p1a: Raging Bolt|Booster Energy\n|-activate|p1a: Raging Bolt|ability: Protosynthesis|[fromitem]\n|-start|p1a: Raging Bolt|protosynthesisspa\n|turn|13\n|\n|t:|1777496674\n|move|p2a: Gholdengo|Shadow Ball|p1a: Raging Bolt\n|-damage|p1a: Raging Bolt|50/100g\n|-unboost|p1a: Raging Bolt|spd|1\n|move|p1a: Raging Bolt|Calm Mind|p1a: Raging Bolt\n|-boost|p1a: Raging Bolt|spa|1\n|-boost|p1a: Raging Bolt|spd|1\n|\n|-heal|p2a: Gholdengo|60/100|[from] Grassy Terrain\n|-heal|p1a: Raging Bolt|56/100|[from] Grassy Terrain\n|upkeep\n|turn|14\n|\n|t:|1777496677\n|move|p2a: Gholdengo|Shadow Ball|p1a: Raging Bolt\n|-damage|p1a: Raging Bolt|20/100y\n|-unboost|p1a: Raging Bolt|spd|1\n|move|p1a: Raging Bolt|Thunderbolt|p2a: Gholdengo\n|-crit|p2a: Gholdengo\n|-damage|p2a: Gholdengo|0 fnt\n|faint|p2a: Gholdengo\n|\n|-heal|p1a: Raging Bolt|26/100|[from] Grassy Terrain\n|upkeep\n|\n|t:|1777496680\n|switch|p2a: Garchomp|Garchomp, M|100/100\n|turn|15\n|\n|t:|1777496685\n|-terastallize|p1a: Raging Bolt|Fairy\n|move|p2a: Garchomp|Earthquake|p1a: Raging Bolt\n|-damage|p1a: Raging Bolt|9/100\n|move|p1a: Raging Bolt|Dragon Pulse|p2a: Garchomp\n|-supereffective|p2a: Garchomp\n|-damage|p2a: Garchomp|0 fnt\n|faint|p2a: Garchomp\n|\n|-heal|p1a: Raging Bolt|15/100|[from] Grassy Terrain\n|-fieldend|move: Grassy Terrain\n|upkeep\n|\n|t:|1777496689\n|switch|p2a: Quaquaval|Quaquaval, M|100/100\n|turn|16\n|inactive|Jauk123 has 120 seconds left.\n|inactive|Jauk123 has 90 seconds left.\n|\n|t:|1777496757\n|-terastallize|p2a: Quaquaval|Steel\n|move|p1a: Raging Bolt|Thunderclap|p2a: Quaquaval\n|-damage|p2a: Quaquaval|36/100\n|move|p2a: Quaquaval|Aqua Step|p1a: Raging Bolt\n|-damage|p1a: Raging Bolt|0 fnt\n|-boost|p2a: Quaquaval|spe|1\n|faint|p1a: Raging Bolt\n|-end|p1a: Raging Bolt|Protosynthesis|[silent]\n|-ability|p2a: Quaquaval|Moxie|boost\n|-boost|p2a: Quaquaval|atk|1\n|\n|upkeep\n|\n|t:|1777496763\n|switch|p1a: Corviknight|Corviknight, F|86/100\n|-ability|p1a: Corviknight|Pressure\n|turn|17\n|\n|t:|1777496768\n|move|p2a: Quaquaval|Close Combat|p1a: Corviknight\n|-damage|p1a: Corviknight|28/100\n|-unboost|p2a: Quaquaval|def|1\n|-unboost|p2a: Quaquaval|spd|1\n|-damage|p2a: Quaquaval|19/100|[from] item: Rocky Helmet|[of] p1a: Corviknight\n|move|p1a: Corviknight|Body Press|p2a: Quaquaval\n|-supereffective|p2a: Quaquaval\n|-damage|p2a: Quaquaval|0 fnt\n|faint|p2a: Quaquaval\n|\n|upkeep\n|\n|t:|1777496772\n|switch|p2a: Darkrai|Darkrai|100/100\n|turn|18\n|\n|t:|1777496774\n|switch|p1a: Clodsire|Clodsire, M|100/100\n|-damage|p1a: Clodsire|87/100|[from] Spikes\n|move|p2a: Darkrai|Dark Pulse|p1a: Clodsire\n|-damage|p1a: Clodsire|69/100\n|\n|-heal|p1a: Clodsire|75/100|[from] item: Leftovers\n|upkeep\n|turn|19\n|\n|t:|1777496779\n|switch|p2a: Moltres|Moltres|100/100\n|move|p1a: Clodsire|Toxic|p2a: Moltres\n|-status|p2a: Moltres|tox\n|\n|-heal|p1a: Clodsire|81/100|[from] item: Leftovers\n|-damage|p2a: Moltres|93/100 tox|[from] psn\n|upkeep\n|turn|20\n|\n|t:|1777496782\n|move|p2a: Moltres|Flamethrower|p1a: Clodsire\n|-damage|p1a: Clodsire|59/100\n|move|p1a: Clodsire|Recover|p1a: Clodsire\n|-heal|p1a: Clodsire|100/100\n|\n|-damage|p2a: Moltres|81/100 tox|[from] psn\n|upkeep\n|turn|21\n|-message|chizzycooker forfeited.\n|\n|win|Jauk123\n|raw|Jauk123's rating: 1504 &rarr; <strong>1526</strong><br />(+22 for winning)\n|raw|chizzycooker's rating: 1541 &rarr; <strong>1519</strong><br />(-22 for losing)\n|l|\u2606chizzycooker\n|player|p2|\n|l|\u2606Jauk123\n|player|p1|\n", "uploadtime": 1777496943, "views": 12, "formatid": "gen9ou", "rating": 1519, "private": 0, "password": null}