{"id": "gen9ou-2597580197", "format": "[Gen 9] OU", "players": ["grumpy wumpus", "CanaryKill"], "log": "|j|\u2606grumpy wumpus\n|j|\u2606CanaryKill\n|t:|1777496728\n|gametype|singles\n|player|p1|grumpy wumpus|2|1575\n|player|p2|CanaryKill|101|1581\n|gen|9\n|tier|[Gen 9] OU\n|rated|\n|rule|HP Percentage Mod: HP is shown in percentages\n|rule|Endless Battle Clause: Forcing endless battles is banned\n|rule|Species Clause: Limit one of each Pok\u00e9mon\n|rule|OHKO Clause: OHKO moves are banned\n|rule|Evasion Items Clause: Evasion items are banned\n|rule|Evasion Moves Clause: Evasion moves are banned\n|rule|Evasion Abilities Clause: Evasion abilities are banned\n|rule|Sleep Moves Clause: Sleep-inducing moves are banned\n|clearpoke\n|poke|p1|Alomomola, M|\n|poke|p1|Fezandipiti, M|\n|poke|p1|Mamoswine, M|\n|poke|p1|Talonflame, F|\n|poke|p1|Garganacl, F|\n|poke|p1|Zamazenta-*|\n|poke|p2|Dragapult, F|\n|poke|p2|Samurott-Hisui, M|\n|poke|p2|Landorus-Therian, M|\n|poke|p2|Corviknight, F|\n|poke|p2|Ogerpon, F|\n|poke|p2|Slowking-Galar, M|\n|teampreview\n|inactive|Battle timer is ON: inactive players will automatically lose when time's up. (requested by CanaryKill)\n|\n|t:|1777496746\n|teamsize|p1|6\n|teamsize|p2|6\n|start\n|switch|p1a: Fezandipiti|Fezandipiti, M|100/100\n|switch|p2a: Samurott|Samurott-Hisui, M|100/100\n|turn|1\n|\n|t:|1777496751\n|switch|p2a: Landorus|Landorus-Therian, M|100/100\n|-ability|p2a: Landorus|Intimidate|boost\n|-unboost|p1a: Fezandipiti|atk|1\n|move|p1a: Fezandipiti|Beat Up|p2a: Landorus\n|-damage|p2a: Landorus|97/100\n|-damage|p2a: Landorus|95/100\n|-damage|p2a: Landorus|92/100\n|-damage|p2a: Landorus|90/100\n|-damage|p2a: Landorus|87/100\n|-damage|p2a: Landorus|84/100\n|-hitcount|p2a: Landorus|6\n|\n|upkeep\n|turn|2\n|\n|t:|1777496757\n|switch|p1a: Alomomola|Alomomola, M|100/100\n|move|p2a: Landorus|Earth Power|p1a: Alomomola\n|-damage|p1a: Alomomola|81/100\n|\n|upkeep\n|turn|3\n|\n|t:|1777496762\n|move|p2a: Landorus|Stealth Rock|p1a: Alomomola\n|-sidestart|p1: grumpy wumpus|move: Stealth Rock\n|move|p1a: Alomomola|Scald|p2a: Landorus\n|-supereffective|p2a: Landorus\n|-damage|p2a: Landorus|52/100\n|-status|p2a: Landorus|brn\n|\n|-damage|p2a: Landorus|46/100 brn|[from] brn\n|upkeep\n|turn|4\n|\n|t:|1777496768\n|move|p2a: Landorus|U-turn|p1a: Alomomola\n|-damage|p1a: Alomomola|73/100\n|\n|t:|1777496770\n|switch|p2a: Samurott|Samurott-Hisui, M|100/100|[from] U-turn\n|move|p1a: Alomomola|Flip Turn|p2a: Samurott\n|-resisted|p2a: Samurott\n|-damage|p2a: Samurott|89/100\n|\n|t:|1777496775\n|switch|p1a: Fezandipiti|Fezandipiti, M|100/100|[from] Flip Turn\n|\n|upkeep\n|turn|5\n|\n|t:|1777496800\n|switch|p2a: Landorus|Landorus-Therian, M|46/100 brn\n|-ability|p2a: Landorus|Intimidate|boost\n|-unboost|p1a: Fezandipiti|atk|1\n|move|p1a: Fezandipiti|U-turn|p2a: Landorus\n|-resisted|p2a: Landorus\n|-damage|p2a: Landorus|40/100 brn\n|-damage|p1a: Fezandipiti|83/100|[from] item: Rocky Helmet|[of] p2a: Landorus\n|\n|t:|1777496813\n|switch|p1a: Talonflame|Talonflame, F|100/100|[from] U-turn\n|\n|-damage|p2a: Landorus|34/100 brn|[from] brn\n|upkeep\n|turn|6\n|\n|t:|1777496819\n|move|p1a: Talonflame|Defog|p2a: Landorus\n|-unboost|p2a: Landorus|evasion|1\n|-sideend|p1: grumpy wumpus|Stealth Rock|[from] move: Defog|[of] p1a: Talonflame\n|move|p2a: Landorus|U-turn|p1a: Talonflame\n|-resisted|p1a: Talonflame\n|-damage|p1a: Talonflame|97/100\n|\n|t:|1777496822\n|switch|p2a: Samurott|Samurott-Hisui, M|89/100|[from] U-turn\n|\n|upkeep\n|turn|7\n|\n|t:|1777496830\n|switch|p1a: Alomomola|Alomomola, M|100/100\n|move|p2a: Samurott|Ceaseless Edge|p1a: Alomomola\n|-damage|p1a: Alomomola|53/100\n|-sidestart|p1: grumpy wumpus|Spikes\n|\n|upkeep\n|turn|8\n|\n|t:|1777496844\n|move|p2a: Samurott|Ceaseless Edge|p1a: Alomomola\n|-damage|p1a: Alomomola|11/100\n|-sidestart|p1: grumpy wumpus|Spikes\n|move|p1a: Alomomola|Play Rough|p2a: Samurott\n|-supereffective|p2a: Samurott\n|-damage|p2a: Samurott|47/100\n|\n|upkeep\n|turn|9\n|\n|t:|1777496850\n|switch|p1a: Zamazenta|Zamazenta|100/100\n|-damage|p1a: Zamazenta|83/100|[from] Spikes\n|-ability|p1a: Zamazenta|Dauntless Shield|boost\n|-boost|p1a: Zamazenta|def|1\n|move|p2a: Samurott|Ceaseless Edge|p1a: Zamazenta\n|-resisted|p1a: Zamazenta\n|-damage|p1a: Zamazenta|68/100\n|-sidestart|p1: grumpy wumpus|Spikes\n|\n|-heal|p1a: Zamazenta|74/100|[from] item: Leftovers\n|upkeep\n|turn|10\n|\n|t:|1777496855\n|switch|p1a: Talonflame|Talonflame, F|97/100\n|switch|p2a: Landorus|Landorus-Therian, M|34/100 brn\n|-ability|p2a: Landorus|Intimidate|boost\n|-unboost|p1a: Talonflame|atk|1\n|\n|-damage|p2a: Landorus|28/100 brn|[from] brn\n|upkeep\n|turn|11\n|\n|t:|1777496858\n|move|p1a: Talonflame|U-turn|p2a: Landorus\n|-resisted|p2a: Landorus\n|-damage|p2a: Landorus|24/100 brn\n|-damage|p1a: Talonflame|81/100|[from] item: Rocky Helmet|[of] p2a: Landorus\n|\n|t:|1777496863\n|switch|p1a: Mamoswine|Mamoswine, M|100/100|[from] U-turn\n|-damage|p1a: Mamoswine|75/100|[from] Spikes\n|move|p2a: Landorus|Stealth Rock|p1a: Mamoswine\n|-sidestart|p1: grumpy wumpus|move: Stealth Rock\n|\n|-damage|p2a: Landorus|18/100 brn|[from] brn\n|upkeep\n|turn|12\n|\n|t:|1777496872\n|switch|p2a: Samurott|Samurott-Hisui, M|47/100\n|move|p1a: Mamoswine|Ice Shard|p2a: Samurott\n|-resisted|p2a: Samurott\n|-damage|p2a: Samurott|31/100\n|\n|upkeep\n|turn|13\n|\n|t:|1777496885\n|switch|p1a: Alomomola|Alomomola, M|45/100\n|-damage|p1a: Alomomola|20/100y|[from] Spikes\n|-damage|p1a: Alomomola|7/100|[from] Stealth Rock\n|move|p2a: Samurott|Flip Turn|p1a: Alomomola\n|-resisted|p1a: Alomomola\n|-damage|p1a: Alomomola|0 fnt\n|faint|p1a: Alomomola\n|\n|t:|1777496892\n|switch|p2a: Dragapult|Dragapult, F|100/100|[from] Flip Turn\n|\n|upkeep\n|\n|t:|1777496895\n|switch|p1a: Fezandipiti|Fezandipiti, M|83/100\n|turn|14\n|\n|t:|1777496900\n|switch|p2a: Landorus|Landorus-Therian, M|18/100 brn\n|-ability|p2a: Landorus|Intimidate|boost\n|-unboost|p1a: Fezandipiti|atk|1\n|move|p1a: Fezandipiti|U-turn|p2a: Landorus\n|-resisted|p2a: Landorus\n|-damage|p2a: Landorus|13/100 brn\n|-damage|p1a: Fezandipiti|66/100|[from] item: Rocky Helmet|[of] p2a: Landorus\n|\n|t:|1777496902\n|switch|p1a: Talonflame|Talonflame, F|81/100|[from] U-turn\n|\n|-damage|p2a: Landorus|7/100 brn|[from] brn\n|upkeep\n|turn|15\n|\n|t:|1777496906\n|move|p1a: Talonflame|Defog|p2a: Landorus\n|-unboost|p2a: Landorus|evasion|1\n|-sideend|p1: grumpy wumpus|Spikes|[from] move: Defog|[of] p1a: Talonflame\n|-sideend|p1: grumpy wumpus|Stealth Rock|[from] move: Defog|[of] p1a: Talonflame\n|move|p2a: Landorus|U-turn|p1a: Talonflame\n|-resisted|p1a: Talonflame\n|-damage|p1a: Talonflame|79/100\n|\n|t:|1777496908\n|switch|p2a: Samurott|Samurott-Hisui, M|31/100|[from] U-turn\n|\n|upkeep\n|turn|16\n|\n|t:|1777496913\n|move|p2a: Samurott|Sucker Punch||[still]\n|-fail|p2a: Samurott\n|move|p1a: Talonflame|Roost|p1a: Talonflame\n|-heal|p1a: Talonflame|100/100\n|-singleturn|p1a: Talonflame|move: Roost\n|\n|upkeep\n|turn|17\n|\n|t:|1777496919\n|switch|p1a: Fezandipiti|Fezandipiti, M|66/100\n|switch|p2a: Corviknight|Corviknight, F|100/100\n|\n|upkeep\n|turn|18\n|\n|t:|1777496921\n|switch|p1a: Talonflame|Talonflame, F|100/100\n|move|p2a: Corviknight|U-turn|p1a: Talonflame\n|-resisted|p1a: Talonflame\n|-damage|p1a: Talonflame|96/100\n|-status|p2a: Corviknight|brn|[from] ability: Flame Body|[of] p1a: Talonflame\n|\n|t:|1777496930\n|switch|p2a: Samurott|Samurott-Hisui, M|31/100|[from] U-turn\n|\n|upkeep\n|turn|19\n|\n|t:|1777496934\n|move|p1a: Talonflame|U-turn|p2a: Samurott\n|-supereffective|p2a: Samurott\n|-damage|p2a: Samurott|1/100\n|\n|t:|1777496941\n|switch|p1a: Zamazenta|Zamazenta|74/100|[from] U-turn\n|move|p2a: Samurott|Ceaseless Edge|p1a: Zamazenta\n|-resisted|p1a: Zamazenta\n|-damage|p1a: Zamazenta|51/100\n|-sidestart|p1: grumpy wumpus|Spikes\n|\n|-heal|p1a: Zamazenta|57/100|[from] item: Leftovers\n|upkeep\n|turn|20\n|\n|t:|1777496949\n|move|p1a: Zamazenta|Iron Defense|p1a: Zamazenta\n|-boost|p1a: Zamazenta|def|2\n|move|p2a: Samurott|Ceaseless Edge|p1a: Zamazenta\n|-resisted|p1a: Zamazenta\n|-damage|p1a: Zamazenta|45/100\n|-sidestart|p1: grumpy wumpus|Spikes\n|\n|-heal|p1a: Zamazenta|51/100|[from] item: Leftovers\n|upkeep\n|turn|21\n|\n|t:|1777496955\n|switch|p2a: Landorus|Landorus-Therian, M|7/100 brn\n|-ability|p2a: Landorus|Intimidate|boost\n|-unboost|p1a: Zamazenta|atk|1\n|move|p1a: Zamazenta|Crunch|p2a: Landorus\n|-crit|p2a: Landorus\n|-damage|p2a: Landorus|0 fnt\n|-damage|p1a: Zamazenta|34/100|[from] item: Rocky Helmet|[of] p2a: Landorus\n|faint|p2a: Landorus\n|\n|-heal|p1a: Zamazenta|40/100|[from] item: Leftovers\n|upkeep\n|\n|t:|1777496959\n|switch|p2a: Dragapult|Dragapult, F|100/100\n|turn|22\n|\n|t:|1777496962\n|switch|p1a: Garganacl|Garganacl, F|100/100\n|-damage|p1a: Garganacl|83/100|[from] Spikes\n|move|p2a: Dragapult|Shadow Ball|p1a: Garganacl\n|-damage|p1a: Garganacl|63/100\n|\n|-heal|p1a: Garganacl|69/100|[from] item: Leftovers\n|upkeep\n|turn|23\n|\n|t:|1777496967\n|switch|p2a: Samurott|Samurott-Hisui, M|1/100\n|switch|p1a: Talonflame|Talonflame, F|96/100\n|\n|upkeep\n|turn|24\n|\n|t:|1777496970\n|move|p1a: Talonflame|U-turn|p2a: Samurott\n|-supereffective|p2a: Samurott\n|-damage|p2a: Samurott|0 fnt\n|faint|p2a: Samurott\n|\n|t:|1777496974\n|switch|p1a: Fezandipiti|Fezandipiti, M|66/100|[from] U-turn\n|\n|upkeep\n|\n|t:|1777496990\n|switch|p2a: Dragapult|Dragapult, F|100/100\n|turn|25\n|\n|t:|1777497007\n|-terastallize|p2a: Dragapult|Ghost\n|move|p2a: Dragapult|Shadow Ball|p1a: Fezandipiti\n|-damage|p1a: Fezandipiti|16/100\n|move|p1a: Fezandipiti|Roost|p1a: Fezandipiti\n|-heal|p1a: Fezandipiti|66/100\n|-singleturn|p1a: Fezandipiti|move: Roost\n|\n|upkeep\n|turn|26\n|\n|t:|1777497014\n|switch|p1a: Garganacl|Garganacl, F|69/100\n|-damage|p1a: Garganacl|52/100|[from] Spikes\n|move|p2a: Dragapult|Shadow Ball|p1a: Garganacl\n|-damage|p1a: Garganacl|25/100\n|\n|-heal|p1a: Garganacl|32/100|[from] item: Leftovers\n|upkeep\n|turn|27\n|\n|t:|1777497020\n|move|p2a: Dragapult|Shadow Ball|p1a: Garganacl\n|-damage|p1a: Garganacl|4/100\n|move|p1a: Garganacl|Recover|p1a: Garganacl\n|-heal|p1a: Garganacl|54/100\n|\n|-heal|p1a: Garganacl|60/100|[from] item: Leftovers\n|upkeep\n|turn|28\n|\n|t:|1777497024\n|switch|p2a: Ogerpon|Ogerpon, F|100/100\n|move|p1a: Garganacl|Protect||[still]\n|-fail|p1a: Garganacl\n|\n|-heal|p1a: Garganacl|66/100|[from] item: Leftovers\n|upkeep\n|turn|29\n|\n|t:|1777497032\n|switch|p1a: Fezandipiti|Fezandipiti, M|66/100\n|move|p2a: Ogerpon|Knock Off|p1a: Fezandipiti\n|-resisted|p1a: Fezandipiti\n|-damage|p1a: Fezandipiti|38/100\n|-enditem|p1a: Fezandipiti|Heavy-Duty Boots|[from] move: Knock Off|[of] p2a: Ogerpon\n|\n|upkeep\n|turn|30\n|\n|t:|1777497043\n|switch|p2a: Dragapult|Dragapult, F, tera:Ghost|100/100\n|move|p1a: Fezandipiti|Roost|p1a: Fezandipiti\n|-heal|p1a: Fezandipiti|88/100\n|-singleturn|p1a: Fezandipiti|move: Roost\n|\n|upkeep\n|turn|31\n|\n|t:|1777497051\n|switch|p2a: Corviknight|Corviknight, F|100/100 brn\n|move|p1a: Fezandipiti|Beat Up|p2a: Corviknight\n|-damage|p2a: Corviknight|97/100 brn\n|-damage|p2a: Corviknight|95/100 brn\n|-damage|p2a: Corviknight|93/100 brn\n|-damage|p2a: Corviknight|90/100 brn\n|-damage|p2a: Corviknight|87/100 brn\n|-hitcount|p2a: Corviknight|5\n|\n|-damage|p2a: Corviknight|81/100 brn|[from] brn\n|upkeep\n|turn|32\n|\n|t:|1777497056\n|move|p1a: Fezandipiti|U-turn|p2a: Corviknight\n|-resisted|p2a: Corviknight\n|-damage|p2a: Corviknight|79/100 brn\n|-damage|p1a: Fezandipiti|72/100|[from] item: Rocky Helmet|[of] p2a: Corviknight\n|\n|t:|1777497058\n|switch|p1a: Talonflame|Talonflame, F|96/100|[from] U-turn\n|move|p2a: Corviknight|U-turn|p1a: Talonflame\n|-resisted|p1a: Talonflame\n|-damage|p1a: Talonflame|95/100\n|\n|t:|1777497063\n|switch|p2a: Dragapult|Dragapult, F, tera:Ghost|100/100|[from] U-turn\n|\n|upkeep\n|turn|33\n|\n|t:|1777497071\n|switch|p1a: Fezandipiti|Fezandipiti, M|72/100\n|-damage|p1a: Fezandipiti|55/100|[from] Spikes\n|move|p2a: Dragapult|Shadow Ball|p1a: Fezandipiti\n|-damage|p1a: Fezandipiti|3/100\n|-unboost|p1a: Fezandipiti|spd|1\n|\n|upkeep\n|turn|34\n|\n|t:|1777497073\n|switch|p1a: Garganacl|Garganacl, F|66/100\n|-damage|p1a: Garganacl|50/100g|[from] Spikes\n|move|p2a: Dragapult|Shadow Ball|p1a: Garganacl\n|-crit|p1a: Garganacl\n|-damage|p1a: Garganacl|8/100\n|\n|-heal|p1a: Garganacl|14/100|[from] item: Leftovers\n|upkeep\n|turn|35\n|-message|grumpy wumpus forfeited.\n|\n|win|CanaryKill\n|raw|grumpy wumpus's rating: 1575 &rarr; <strong>1555</strong><br />(-20 for losing)\n|raw|CanaryKill's rating: 1581 &rarr; <strong>1601</strong><br />(+20 for winning)\n|l|\u2606grumpy wumpus\n|player|p1|\n|l|\u2606CanaryKill\n|player|p2|\n", "uploadtime": 1777497219, "views": 22, "formatid": "gen9ou", "rating": 1555, "private": 0, "password": null}