{"id": "gen9ou-2597649285", "format": "[Gen 9] OU", "players": ["mimi rize", "suddapon"], "log": "|j|\u2606mimi rize\n|j|\u2606suddapon\n|t:|1777502952\n|gametype|singles\n|player|p1|mimi rize|olympia|1495\n|player|p2|suddapon|preschooler|1509\n|gen|9\n|tier|[Gen 9] OU\n|rated|\n|rule|HP Percentage Mod: HP is shown in percentages\n|rule|Endless Battle Clause: Forcing endless battles is banned\n|rule|Species Clause: Limit one of each Pok\u00e9mon\n|rule|OHKO Clause: OHKO moves are banned\n|rule|Evasion Items Clause: Evasion items are banned\n|rule|Evasion Moves Clause: Evasion moves are banned\n|rule|Evasion Abilities Clause: Evasion abilities are banned\n|rule|Sleep Moves Clause: Sleep-inducing moves are banned\n|clearpoke\n|poke|p1|Zarude-Dada|\n|poke|p1|Gliscor, M|\n|poke|p1|Pecharunt|\n|poke|p1|Keldeo|\n|poke|p1|Blissey, F|\n|poke|p1|Skarmory, F|\n|poke|p2|Ribombee, F|\n|poke|p2|Cinderace, M|\n|poke|p2|Malamar, M|\n|poke|p2|Serperior, M|\n|poke|p2|Empoleon, M|\n|poke|p2|Dragapult, M|\n|teampreview\n|\n|t:|1777502957\n|teamsize|p1|6\n|teamsize|p2|6\n|start\n|switch|p1a: Gliscor|Gliscor, M|100/100\n|switch|p2a: Ribombee|Ribombee, F|100/100\n|turn|1\n|\n|t:|1777502961\n|move|p1a: Gliscor|Protect|p1a: Gliscor\n|-singleturn|p1a: Gliscor|Protect\n|move|p2a: Ribombee|Stun Spore|p1a: Gliscor\n|-activate|p1a: Gliscor|move: Protect\n|\n|-status|p1a: Gliscor|tox|[from] item: Toxic Orb\n|upkeep\n|turn|2\n|\n|t:|1777502978\n|move|p2a: Ribombee|Sticky Web|p1a: Gliscor\n|-sidestart|p1: mimi rize|move: Sticky Web\n|move|p1a: Gliscor|Toxic|p2a: Ribombee\n|-status|p2a: Ribombee|tox\n|\n|-damage|p2a: Ribombee|93/100 tox|[from] psn\n|upkeep\n|turn|3\n|\n|t:|1777502984\n|move|p1a: Gliscor|Protect|p1a: Gliscor\n|-singleturn|p1a: Gliscor|Protect\n|move|p2a: Ribombee|Psychic Noise|p1a: Gliscor\n|-activate|p1a: Gliscor|move: Protect\n|\n|-damage|p2a: Ribombee|81/100 tox|[from] psn\n|upkeep\n|turn|4\n|\n|t:|1777502999\n|move|p2a: Ribombee|Psychic Noise|p1a: Gliscor\n|-damage|p1a: Gliscor|83/100 tox\n|-start|p1a: Gliscor|move: Heal Block\n|move|p1a: Gliscor|Earthquake|p2a: Ribombee\n|-resisted|p2a: Ribombee\n|-damage|p2a: Ribombee|50/100g tox\n|\n|-damage|p2a: Ribombee|32/100 tox|[from] psn\n|upkeep\n|turn|5\n|\n|t:|1777503007\n|move|p1a: Gliscor|Protect|p1a: Gliscor\n|-singleturn|p1a: Gliscor|Protect\n|move|p2a: Ribombee|Moonblast|p1a: Gliscor\n|-activate|p1a: Gliscor|move: Protect\n|\n|-damage|p2a: Ribombee|8/100 tox|[from] psn\n|-end|p1a: Gliscor|move: Heal Block\n|upkeep\n|turn|6\n|\n|t:|1777503015\n|move|p2a: Ribombee|Psychic Noise|p1a: Gliscor\n|-damage|p1a: Gliscor|64/100 tox\n|-start|p1a: Gliscor|move: Heal Block\n|move|p1a: Gliscor|Earthquake|p2a: Ribombee\n|-resisted|p2a: Ribombee\n|-damage|p2a: Ribombee|0 fnt\n|faint|p2a: Ribombee\n|\n|upkeep\n|\n|t:|1777503029\n|switch|p2a: Cinderace|Cinderace, M|100/100\n|turn|7\n|\n|t:|1777503037\n|move|p2a: Cinderace|Court Change|p2a: Cinderace\n|-swapsideconditions\n|-activate|p2a: Cinderace|move: Court Change\n|move|p1a: Gliscor|Toxic|p2a: Cinderace\n|-status|p2a: Cinderace|tox\n|\n|-damage|p2a: Cinderace|93/100 tox|[from] psn\n|-end|p1a: Gliscor|move: Heal Block\n|upkeep\n|turn|8\n|\n|t:|1777503045\n|move|p1a: Gliscor|Protect|p1a: Gliscor\n|-singleturn|p1a: Gliscor|Protect\n|move|p2a: Cinderace|Pyro Ball|p1a: Gliscor\n|-activate|p1a: Gliscor|move: Protect\n|\n|-damage|p2a: Cinderace|81/100 tox|[from] psn\n|-heal|p1a: Gliscor|76/100 tox|[from] ability: Poison Heal\n|upkeep\n|turn|9\n|\n|t:|1777503051\n|move|p2a: Cinderace|Pyro Ball|p1a: Gliscor\n|-damage|p1a: Gliscor|36/100 tox\n|move|p1a: Gliscor|Earthquake|p2a: Cinderace\n|-supereffective|p2a: Cinderace\n|-crit|p2a: Cinderace\n|-damage|p2a: Cinderace|0 fnt\n|faint|p2a: Cinderace\n|\n|-heal|p1a: Gliscor|49/100 tox|[from] ability: Poison Heal\n|upkeep\n|\n|t:|1777503067\n|switch|p2a: Malamar|Malamar, M|100/100\n|-activate|p2a: Malamar|move: Sticky Web\n|-boost|p2a: Malamar|spe|1\n|turn|10\n|\n|t:|1777503071\n|move|p1a: Gliscor|Protect|p1a: Gliscor\n|-singleturn|p1a: Gliscor|Protect\n|move|p2a: Malamar|Taunt|p1a: Gliscor\n|-activate|p1a: Gliscor|move: Protect\n|\n|-heal|p1a: Gliscor|61/100 tox|[from] ability: Poison Heal\n|upkeep\n|turn|11\n|\n|t:|1777503079\n|move|p2a: Malamar|Taunt|p1a: Gliscor\n|-start|p1a: Gliscor|move: Taunt\n|cant|p1a: Gliscor|move: Taunt|Toxic\n|\n|-heal|p1a: Gliscor|74/100 tox|[from] ability: Poison Heal\n|upkeep\n|turn|12\n|\n|t:|1777503098\n|switch|p1a: Skarmory|Skarmory, F|100/100\n|move|p2a: Malamar|Superpower|p1a: Skarmory\n|-damage|p1a: Skarmory|79/100\n|-boost|p2a: Malamar|atk|1\n|-boost|p2a: Malamar|def|1\n|-damage|p2a: Malamar|83/100|[from] item: Rocky Helmet|[of] p1a: Skarmory\n|\n|-heal|p2a: Malamar|89/100|[from] item: Leftovers\n|upkeep\n|turn|13\n|\n|t:|1777503108\n|move|p2a: Malamar|Taunt|p1a: Skarmory\n|-start|p1a: Skarmory|move: Taunt\n|cant|p1a: Skarmory|move: Taunt|Stealth Rock\n|\n|-heal|p2a: Malamar|95/100|[from] item: Leftovers\n|upkeep\n|turn|14\n|\n|t:|1777503112\n|move|p2a: Malamar|Knock Off|p1a: Skarmory\n|-damage|p1a: Skarmory|47/100\n|-damage|p2a: Malamar|79/100|[from] item: Rocky Helmet|[of] p1a: Skarmory\n|-enditem|p1a: Skarmory|Rocky Helmet|[from] move: Knock Off|[of] p2a: Malamar\n|move|p1a: Skarmory|Brave Bird|p2a: Malamar\n|-damage|p2a: Malamar|52/100\n|-damage|p1a: Skarmory|38/100|[from] Recoil\n|\n|-heal|p2a: Malamar|58/100|[from] item: Leftovers\n|upkeep\n|turn|15\n|inactive|Battle timer is ON: inactive players will automatically lose when time's up. (requested by suddapon)\n|\n|t:|1777503160\n|move|p2a: Malamar|Superpower|p1a: Skarmory\n|-damage|p1a: Skarmory|9/100\n|-boost|p2a: Malamar|atk|1\n|-boost|p2a: Malamar|def|1\n|move|p1a: Skarmory|Brave Bird|p2a: Malamar\n|-damage|p2a: Malamar|37/100\n|-damage|p1a: Skarmory|2/100|[from] Recoil\n|\n|-heal|p2a: Malamar|43/100|[from] item: Leftovers\n|-end|p1a: Skarmory|move: Taunt\n|upkeep\n|turn|16\n|\n|t:|1777503169\n|move|p2a: Malamar|Superpower|p1a: Skarmory\n|-damage|p1a: Skarmory|0 fnt\n|-boost|p2a: Malamar|atk|1\n|-boost|p2a: Malamar|def|1\n|faint|p1a: Skarmory\n|\n|-heal|p2a: Malamar|49/100|[from] item: Leftovers\n|upkeep\n|inactive|mimi rize has 120 seconds left.\n|\n|t:|1777503205\n|switch|p1a: Pecharunt|Pecharunt|100/100\n|turn|17\n|\n|t:|1777503207\n|move|p2a: Malamar|Knock Off|p1a: Pecharunt\n|-supereffective|p1a: Pecharunt\n|-damage|p1a: Pecharunt|11/100\n|-enditem|p1a: Pecharunt|Heavy-Duty Boots|[from] move: Knock Off|[of] p2a: Malamar\n|move|p1a: Pecharunt|Malignant Chain|p2a: Malamar\n|-damage|p2a: Malamar|6/100\n|\n|-heal|p2a: Malamar|12/100|[from] item: Leftovers\n|upkeep\n|turn|18\n|\n|t:|1777503217\n|move|p2a: Malamar|Knock Off|p1a: Pecharunt\n|-supereffective|p1a: Pecharunt\n|-damage|p1a: Pecharunt|0 fnt\n|faint|p1a: Pecharunt\n|\n|-heal|p2a: Malamar|18/100|[from] item: Leftovers\n|upkeep\n|\n|t:|1777503219\n|switch|p1a: Keldeo|Keldeo|100/100\n|turn|19\n|\n|t:|1777503225\n|-terastallize|p2a: Malamar|Fighting\n|move|p1a: Keldeo|Vacuum Wave|p2a: Malamar\n|-damage|p2a: Malamar|0 fnt\n|faint|p2a: Malamar\n|\n|upkeep\n|\n|t:|1777503232\n|switch|p2a: Serperior|Serperior, M|100/100\n|-activate|p2a: Serperior|move: Sticky Web\n|-boost|p2a: Serperior|spe|1\n|turn|20\n|\n|t:|1777503243\n|switch|p1a: Blissey|Blissey, F|100/100\n|move|p2a: Serperior|Leaf Storm|p1a: Blissey\n|-damage|p1a: Blissey|85/100\n|-boost|p2a: Serperior|spa|2\n|\n|upkeep\n|turn|21\n|\n|t:|1777503246\n|move|p2a: Serperior|Glare|p1a: Blissey\n|-status|p1a: Blissey|par\n|move|p1a: Blissey|Calm Mind|p1a: Blissey\n|-boost|p1a: Blissey|spa|1\n|-boost|p1a: Blissey|spd|1\n|\n|upkeep\n|turn|22\n|\n|t:|1777503249\n|move|p2a: Serperior|Leaf Storm|p1a: Blissey\n|-damage|p1a: Blissey|65/100 par\n|-boost|p2a: Serperior|spa|2\n|move|p1a: Blissey|Calm Mind|p1a: Blissey\n|-boost|p1a: Blissey|spa|1\n|-boost|p1a: Blissey|spd|1\n|\n|upkeep\n|turn|23\n|\n|t:|1777503251\n|move|p2a: Serperior|Leaf Storm|p1a: Blissey\n|-damage|p1a: Blissey|43/100 par\n|-boost|p2a: Serperior|spa|2\n|cant|p1a: Blissey|par\n|\n|upkeep\n|turn|24\n|\n|t:|1777503253\n|move|p2a: Serperior|Leaf Storm|p1a: Blissey\n|-damage|p1a: Blissey|14/100 par\n|move|p1a: Blissey|Soft-Boiled|p1a: Blissey\n|-heal|p1a: Blissey|64/100 par\n|\n|upkeep\n|turn|25\n|\n|t:|1777503256\n|move|p2a: Serperior|Leaf Storm|p1a: Blissey\n|-damage|p1a: Blissey|36/100 par\n|move|p1a: Blissey|Soft-Boiled|p1a: Blissey\n|-heal|p1a: Blissey|86/100 par\n|\n|upkeep\n|turn|26\n|\n|t:|1777503267\n|switch|p2a: Dragapult|Dragapult, M|100/100\n|-activate|p2a: Dragapult|move: Sticky Web\n|-fail|p2a: Dragapult|unboost|[from] ability: Clear Body|[of] p2a: Dragapult\n|move|p1a: Blissey|Soft-Boiled|p1a: Blissey\n|-heal|p1a: Blissey|100/100 par\n|\n|upkeep\n|turn|27\n|\n|t:|1777503277\n|-curestatus|p1a: Blissey|par|[from] ability: Natural Cure|[silent]\n|switch|p1a: Zarude|Zarude-Dada|100/100\n|move|p2a: Dragapult|Dragon Darts|p1a: Zarude\n|-damage|p1a: Zarude|79/100\n|-anim|p2a: Dragapult|Dragon Darts|p1a: Zarude\n|-damage|p1a: Zarude|57/100\n|-damage|p2a: Dragapult|90/100|[from] item: Life Orb\n|\n|upkeep\n|turn|28\n|\n|t:|1777503282\n|move|p2a: Dragapult|Draco Meteor|p1a: Zarude\n|-damage|p1a: Zarude|0 fnt\n|-unboost|p2a: Dragapult|spa|2\n|faint|p1a: Zarude\n|-damage|p2a: Dragapult|80/100|[from] item: Life Orb\n|\n|upkeep\n|\n|t:|1777503292\n|switch|p1a: Gliscor|Gliscor, M|74/100 tox\n|turn|29\n|\n|t:|1777503300\n|switch|p2a: Empoleon|Empoleon, M|100/100\n|-activate|p2a: Empoleon|move: Sticky Web\n|-unboost|p2a: Empoleon|spe|1\n|-ability|p2a: Empoleon|Competitive|boost\n|-boost|p2a: Empoleon|spa|2\n|move|p1a: Gliscor|Toxic|p2a: Empoleon\n|-immune|p2a: Empoleon\n|\n|-heal|p1a: Gliscor|86/100 tox|[from] ability: Poison Heal\n|upkeep\n|turn|30\n|\n|t:|1777503305\n|-terastallize|p1a: Gliscor|Water\n|move|p1a: Gliscor|Earthquake|p2a: Empoleon\n|-supereffective|p2a: Empoleon\n|-damage|p2a: Empoleon|35/100\n|move|p2a: Empoleon|Surf|p1a: Gliscor\n|-resisted|p1a: Gliscor\n|-damage|p1a: Gliscor|49/100 tox\n|\n|-heal|p1a: Gliscor|62/100 tox|[from] ability: Poison Heal\n|upkeep\n|turn|31\n|\n|t:|1777503312\n|move|p1a: Gliscor|Protect|p1a: Gliscor\n|-singleturn|p1a: Gliscor|Protect\n|move|p2a: Empoleon|Grass Knot|p1a: Gliscor\n|-activate|p1a: Gliscor|move: Protect\n|\n|-heal|p1a: Gliscor|74/100 tox|[from] ability: Poison Heal\n|upkeep\n|turn|32\n|\n|t:|1777503329\n|move|p1a: Gliscor|Earthquake|p2a: Empoleon\n|-supereffective|p2a: Empoleon\n|-damage|p2a: Empoleon|0 fnt\n|faint|p2a: Empoleon\n|\n|-heal|p1a: Gliscor|87/100 tox|[from] ability: Poison Heal\n|upkeep\n|\n|t:|1777503332\n|switch|p2a: Serperior|Serperior, M|100/100\n|-activate|p2a: Serperior|move: Sticky Web\n|-boost|p2a: Serperior|spe|1\n|turn|33\n|\n|t:|1777503334\n|move|p1a: Gliscor|Protect|p1a: Gliscor\n|-singleturn|p1a: Gliscor|Protect\n|move|p2a: Serperior|Leaf Storm|p1a: Gliscor\n|-activate|p1a: Gliscor|move: Protect\n|\n|-heal|p1a: Gliscor|99/100 tox|[from] ability: Poison Heal\n|upkeep\n|turn|34\n|\n|t:|1777503356\n|switch|p1a: Blissey|Blissey, F|100/100\n|move|p2a: Serperior|Leaf Storm|p1a: Blissey\n|-damage|p1a: Blissey|84/100\n|-boost|p2a: Serperior|spa|2\n|\n|upkeep\n|turn|35\n|\n|t:|1777503359\n|switch|p2a: Dragapult|Dragapult, M|80/100\n|-activate|p2a: Dragapult|move: Sticky Web\n|-fail|p2a: Dragapult|unboost|[from] ability: Clear Body|[of] p2a: Dragapult\n|move|p1a: Blissey|Calm Mind|p1a: Blissey\n|-boost|p1a: Blissey|spa|1\n|-boost|p1a: Blissey|spd|1\n|\n|upkeep\n|turn|36\n|inactive|mimi rize has 120 seconds left.\n|\n|t:|1777503404\n|switch|p1a: Keldeo|Keldeo|100/100\n|move|p2a: Dragapult|Dragon Darts|p1a: Keldeo\n|-damage|p1a: Keldeo|70/100\n|-anim|p2a: Dragapult|Dragon Darts|p1a: Keldeo\n|-damage|p1a: Keldeo|40/100\n|-damage|p2a: Dragapult|70/100|[from] item: Life Orb\n|\n|upkeep\n|turn|37\n|\n|t:|1777503409\n|move|p2a: Dragapult|Dragon Darts|p1a: Keldeo\n|-damage|p1a: Keldeo|12/100\n|-anim|p2a: Dragapult|Dragon Darts|p1a: Keldeo\n|-damage|p1a: Keldeo|0 fnt\n|faint|p1a: Keldeo\n|-damage|p2a: Dragapult|60/100|[from] item: Life Orb\n|\n|upkeep\n|\n|t:|1777503413\n|switch|p1a: Gliscor|Gliscor, M, tera:Water|99/100 tox\n|turn|38\n|\n|t:|1777503423\n|switch|p2a: Serperior|Serperior, M|100/100\n|-activate|p2a: Serperior|move: Sticky Web\n|-boost|p2a: Serperior|spe|1\n|move|p1a: Gliscor|Toxic|p2a: Serperior\n|-status|p2a: Serperior|tox\n|\n|-damage|p2a: Serperior|93/100 tox|[from] psn\n|-heal|p1a: Gliscor|100/100 tox|[from] ability: Poison Heal\n|upkeep\n|turn|39\n|\n|t:|1777503433\n|move|p1a: Gliscor|Protect|p1a: Gliscor\n|-singleturn|p1a: Gliscor|Protect\n|move|p2a: Serperior|Giga Drain|p1a: Gliscor\n|-activate|p1a: Gliscor|move: Protect\n|\n|-heal|p2a: Serperior|100/100 tox|[from] item: Leftovers\n|-damage|p2a: Serperior|87/100 tox|[from] psn\n|upkeep\n|turn|40\n|\n|t:|1777503440\n|switch|p1a: Blissey|Blissey, F|84/100\n|move|p2a: Serperior|Leaf Storm|p1a: Blissey\n|-damage|p1a: Blissey|69/100\n|-boost|p2a: Serperior|spa|2\n|\n|-heal|p2a: Serperior|93/100 tox|[from] item: Leftovers\n|-damage|p2a: Serperior|75/100 tox|[from] psn\n|upkeep\n|turn|41\n|\n|t:|1777503448\n|switch|p2a: Dragapult|Dragapult, M|60/100\n|-activate|p2a: Dragapult|move: Sticky Web\n|-fail|p2a: Dragapult|unboost|[from] ability: Clear Body|[of] p2a: Dragapult\n|move|p1a: Blissey|Soft-Boiled|p1a: Blissey\n|-heal|p1a: Blissey|100/100\n|\n|upkeep\n|turn|42\n|\n|t:|1777503451\n|move|p2a: Dragapult|Dragon Darts|p1a: Blissey\n|-damage|p1a: Blissey|74/100\n|-anim|p2a: Dragapult|Dragon Darts|p1a: Blissey\n|-damage|p1a: Blissey|46/100\n|-damage|p2a: Dragapult|51/100|[from] item: Life Orb\n|move|p1a: Blissey|Flamethrower|p2a: Dragapult\n|-resisted|p2a: Dragapult\n|-damage|p2a: Dragapult|39/100\n|\n|upkeep\n|turn|43\n|\n|t:|1777503458\n|switch|p1a: Gliscor|Gliscor, M, tera:Water|100/100 tox\n|move|p2a: Dragapult|Dragon Darts|p1a: Gliscor\n|-damage|p1a: Gliscor|78/100 tox\n|-anim|p2a: Dragapult|Dragon Darts|p1a: Gliscor\n|-damage|p1a: Gliscor|57/100 tox\n|-damage|p2a: Dragapult|29/100|[from] item: Life Orb\n|\n|-heal|p1a: Gliscor|70/100 tox|[from] ability: Poison Heal\n|upkeep\n|turn|44\n|\n|t:|1777503462\n|move|p1a: Gliscor|Protect|p1a: Gliscor\n|-singleturn|p1a: Gliscor|Protect\n|move|p2a: Dragapult|Shadow Ball|p1a: Gliscor\n|-activate|p1a: Gliscor|move: Protect\n|\n|-heal|p1a: Gliscor|82/100 tox|[from] ability: Poison Heal\n|upkeep\n|turn|45\n|\n|t:|1777503469\n|move|p2a: Dragapult|Draco Meteor|p1a: Gliscor\n|-damage|p1a: Gliscor|24/100 tox\n|-unboost|p2a: Dragapult|spa|2\n|-damage|p2a: Dragapult|20/100y|[from] item: Life Orb\n|move|p1a: Gliscor|Earthquake|p2a: Dragapult\n|-damage|p2a: Dragapult|0 fnt\n|faint|p2a: Dragapult\n|\n|-heal|p1a: Gliscor|37/100 tox|[from] ability: Poison Heal\n|upkeep\n|\n|t:|1777503472\n|switch|p2a: Serperior|Serperior, M|75/100 tox\n|-activate|p2a: Serperior|move: Sticky Web\n|-boost|p2a: Serperior|spe|1\n|turn|46\n|\n|t:|1777503474\n|move|p1a: Gliscor|Protect|p1a: Gliscor\n|-singleturn|p1a: Gliscor|Protect\n|move|p2a: Serperior|Giga Drain|p1a: Gliscor\n|-activate|p1a: Gliscor|move: Protect\n|\n|-heal|p2a: Serperior|81/100 tox|[from] item: Leftovers\n|-damage|p2a: Serperior|75/100 tox|[from] psn\n|-heal|p1a: Gliscor|49/100 tox|[from] ability: Poison Heal\n|upkeep\n|turn|47\n|-message|suddapon forfeited.\n|\n|win|mimi rize\n|raw|mimi rize's rating: 1495 &rarr; <strong>1516</strong><br />(+21 for winning)\n|raw|suddapon's rating: 1509 &rarr; <strong>1488</strong><br />(-21 for losing)\n|l|\u2606suddapon\n|player|p2|\n", "uploadtime": 1777503695, "views": 7, "formatid": "gen9ou", "rating": 1488, "private": 0, "password": null}