{"id": "gen9ou-2597616118", "format": "[Gen 9] OU", "players": ["Cruzrooni", "freezentic"], "log": "|j|\u2606Cruzrooni\n|j|\u2606freezentic\n|t:|1777499836\n|gametype|singles\n|player|p1|Cruzrooni|pryce|1397\n|player|p2|freezentic|kimonogirl|1423\n|gen|9\n|tier|[Gen 9] OU\n|rated|\n|rule|HP Percentage Mod: HP is shown in percentages\n|rule|Endless Battle Clause: Forcing endless battles is banned\n|rule|Species Clause: Limit one of each Pok\u00e9mon\n|rule|OHKO Clause: OHKO moves are banned\n|rule|Evasion Items Clause: Evasion items are banned\n|rule|Evasion Moves Clause: Evasion moves are banned\n|rule|Evasion Abilities Clause: Evasion abilities are banned\n|rule|Sleep Moves Clause: Sleep-inducing moves are banned\n|clearpoke\n|poke|p1|Scovillain, M|\n|poke|p1|Torkoal, F|\n|poke|p1|Hatterene, F|\n|poke|p1|Meowscarada, M|\n|poke|p1|Walking Wake|\n|poke|p1|Avalugg, M|\n|poke|p2|Blissey, F|\n|poke|p2|Clefable, F|\n|poke|p2|Gliscor, F|\n|poke|p2|Ting-Lu|\n|poke|p2|Dondozo, F|\n|poke|p2|Amoonguss, F|\n|teampreview\n|inactive|Battle timer is ON: inactive players will automatically lose when time's up. (requested by freezentic)\n|\n|t:|1777499845\n|teamsize|p1|6\n|teamsize|p2|6\n|start\n|switch|p1a: Meowscarada|Meowscarada, M|100/100\n|switch|p2a: Gliscor|Gliscor, F|100/100\n|turn|1\n|\n|t:|1777499852\n|switch|p1a: Torkoal|Torkoal, F|100/100\n|-weather|SunnyDay|[from] ability: Drought|[of] p1a: Torkoal\n|move|p2a: Gliscor|Protect||[still]\n|-fail|p2a: Gliscor\n|\n|-weather|SunnyDay|[upkeep]\n|-status|p2a: Gliscor|tox|[from] item: Toxic Orb\n|upkeep\n|turn|2\n|\n|t:|1777499862\n|switch|p1a: Meowscarada|Meowscarada, M|100/100\n|move|p2a: Gliscor|Spikes|p1a: Meowscarada\n|-sidestart|p1: Cruzrooni|Spikes\n|\n|-weather|SunnyDay|[upkeep]\n|upkeep\n|turn|3\n|\n|t:|1777499878\n|move|p2a: Gliscor|Protect|p2a: Gliscor\n|-singleturn|p2a: Gliscor|Protect\n|move|p1a: Meowscarada|U-turn|p2a: Gliscor\n|-start|p1a: Meowscarada|typechange|Bug|[from] ability: Protean\n|-activate|p2a: Gliscor|move: Protect\n|\n|-weather|SunnyDay|[upkeep]\n|upkeep\n|turn|4\n|\n|t:|1777499885\n|switch|p1a: Avalugg|Avalugg, M|100/100\n|switch|p2a: Dondozo|Dondozo, F|100/100\n|\n|-weather|SunnyDay|[upkeep]\n|upkeep\n|turn|5\n|\n|t:|1777499890\n|move|p2a: Dondozo|Waterfall|p1a: Avalugg\n|-damage|p1a: Avalugg|92/100\n|move|p1a: Avalugg|Rapid Spin|p2a: Dondozo\n|-damage|p2a: Dondozo|91/100\n|-boost|p1a: Avalugg|spe|1\n|-sideend|p1: Cruzrooni|Spikes|[from] move: Rapid Spin|[of] p1a: Avalugg\n|\n|-weather|SunnyDay|[upkeep]\n|upkeep\n|turn|6\n|\n|t:|1777499897\n|switch|p1a: Torkoal|Torkoal, F|100/100\n|move|p2a: Dondozo|Curse|p2a: Dondozo\n|-unboost|p2a: Dondozo|spe|1\n|-boost|p2a: Dondozo|atk|1\n|-boost|p2a: Dondozo|def|1\n|\n|-weather|SunnyDay|[upkeep]\n|upkeep\n|turn|7\n|\n|t:|1777499902\n|switch|p2a: Ting-Lu|Ting-Lu|100/100\n|-ability|p2a: Ting-Lu|Vessel of Ruin\n|move|p1a: Torkoal|Stealth Rock|p2a: Ting-Lu\n|-sidestart|p2: freezentic|move: Stealth Rock\n|\n|-weather|SunnyDay|[upkeep]\n|upkeep\n|turn|8\n|\n|t:|1777499906\n|switch|p1a: Hatterene|Hatterene, F, shiny|100/100\n|move|p2a: Ting-Lu|Stealth Rock|p1a: Hatterene\n|move|p1a: Hatterene|Stealth Rock||[from] ability: Magic Bounce|[still]\n|-fail|p1a: Hatterene\n|\n|-weather|none\n|upkeep\n|turn|9\n|\n|t:|1777499910\n|move|p2a: Ting-Lu|Earthquake|p1a: Hatterene\n|-damage|p1a: Hatterene|58/100\n|move|p1a: Hatterene|Dazzling Gleam|p2a: Ting-Lu\n|-supereffective|p2a: Ting-Lu\n|-damage|p2a: Ting-Lu|57/100\n|\n|upkeep\n|turn|10\n|\n|t:|1777499915\n|move|p2a: Ting-Lu|Rest|p2a: Ting-Lu\n|-status|p2a: Ting-Lu|slp|[from] move: Rest\n|-heal|p2a: Ting-Lu|100/100 slp|[silent]\n|move|p1a: Hatterene|Dazzling Gleam|p2a: Ting-Lu\n|-supereffective|p2a: Ting-Lu\n|-damage|p2a: Ting-Lu|63/100 slp\n|\n|upkeep\n|turn|11\n|\n|t:|1777499917\n|switch|p2a: Blissey|Blissey, F|100/100\n|move|p1a: Hatterene|Dazzling Gleam|p2a: Blissey\n|-damage|p2a: Blissey|84/100\n|\n|upkeep\n|turn|12\n|\n|t:|1777499923\n|switch|p1a: Torkoal|Torkoal, F|100/100\n|-weather|SunnyDay|[from] ability: Drought|[of] p1a: Torkoal\n|move|p2a: Blissey|Seismic Toss|p1a: Torkoal\n|-damage|p1a: Torkoal|70/100\n|\n|-weather|SunnyDay|[upkeep]\n|upkeep\n|turn|13\n|\n|t:|1777499931\n|switch|p1a: Meowscarada|Meowscarada, M|100/100\n|move|p2a: Blissey|Seismic Toss|p1a: Meowscarada\n|-damage|p1a: Meowscarada|65/100\n|\n|-weather|SunnyDay|[upkeep]\n|upkeep\n|turn|14\n|\n|t:|1777499935\n|switch|p2a: Amoonguss|Amoonguss, F|100/100\n|move|p1a: Meowscarada|U-turn|p2a: Amoonguss\n|-start|p1a: Meowscarada|typechange|Bug|[from] ability: Protean\n|-damage|p2a: Amoonguss|65/100\n|\n|t:|1777499943\n|switch|p1a: Scovillain|Scovillain, M, shiny|100/100|[from] U-turn\n|\n|-weather|SunnyDay|[upkeep]\n|upkeep\n|turn|15\n|\n|t:|1777499946\n|move|p1a: Scovillain|Growth|p1a: Scovillain\n|-boost|p1a: Scovillain|atk|2\n|-boost|p1a: Scovillain|spa|2\n|move|p2a: Amoonguss|Toxic|p1a: Scovillain\n|-status|p1a: Scovillain|tox\n|\n|-weather|SunnyDay|[upkeep]\n|-damage|p1a: Scovillain|94/100 tox|[from] psn\n|upkeep\n|turn|16\n|\n|t:|1777499953\n|switch|p2a: Gliscor|Gliscor, F|100/100 tox\n|-damage|p2a: Gliscor|87/100 tox|[from] Stealth Rock\n|move|p1a: Scovillain|Flamethrower|p2a: Gliscor\n|-damage|p2a: Gliscor|0 fnt\n|faint|p2a: Gliscor\n|\n|-weather|SunnyDay|[upkeep]\n|-damage|p1a: Scovillain|82/100 tox|[from] psn\n|upkeep\n|\n|t:|1777499958\n|switch|p2a: Dondozo|Dondozo, F|91/100\n|turn|17\n|\n|t:|1777499960\n|-terastallize|p2a: Dondozo|Fighting\n|move|p1a: Scovillain|Solar Beam||[still]\n|-prepare|p1a: Scovillain|Solar Beam\n|-anim|p1a: Scovillain|Solar Beam|p2a: Dondozo\n|-damage|p2a: Dondozo|34/100\n|move|p2a: Dondozo|Waterfall|p1a: Scovillain\n|-damage|p1a: Scovillain|59/100 tox\n|\n|-weather|SunnyDay|[upkeep]\n|-damage|p1a: Scovillain|41/100 tox|[from] psn\n|upkeep\n|turn|18\n|\n|t:|1777499968\n|switch|p2a: Amoonguss|Amoonguss, F|98/100\n|move|p1a: Scovillain|Flamethrower|p2a: Amoonguss\n|-supereffective|p2a: Amoonguss\n|-damage|p2a: Amoonguss|0 fnt\n|faint|p2a: Amoonguss\n|\n|-weather|SunnyDay|[upkeep]\n|-damage|p1a: Scovillain|17/100 tox|[from] psn\n|upkeep\n|\n|t:|1777499971\n|switch|p2a: Clefable|Clefable, F|100/100\n|turn|19\n|\n|t:|1777499973\n|move|p1a: Scovillain|Flamethrower|p2a: Clefable\n|-damage|p2a: Clefable|0 fnt\n|faint|p2a: Clefable\n|\n|-weather|none\n|-damage|p1a: Scovillain|0 fnt|[from] psn\n|faint|p1a: Scovillain\n|upkeep\n|\n|t:|1777499979\n|switch|p1a: Meowscarada|Meowscarada, M|65/100\n|switch|p2a: Ting-Lu|Ting-Lu|63/100 slp\n|-ability|p2a: Ting-Lu|Vessel of Ruin\n|turn|20\n|\n|t:|1777499984\n|move|p1a: Meowscarada|Petal Blizzard|p2a: Ting-Lu\n|-start|p1a: Meowscarada|typechange|Grass|[from] ability: Protean\n|-supereffective|p2a: Ting-Lu\n|-damage|p2a: Ting-Lu|0 fnt\n|faint|p2a: Ting-Lu\n|\n|upkeep\n|\n|t:|1777499985\n|switch|p2a: Dondozo|Dondozo, F, tera:Fighting|34/100\n|turn|21\n|\n|t:|1777499989\n|move|p1a: Meowscarada|Petal Blizzard|p2a: Dondozo\n|-damage|p2a: Dondozo|5/100\n|move|p2a: Dondozo|Rest|p2a: Dondozo\n|-status|p2a: Dondozo|slp|[from] move: Rest\n|-heal|p2a: Dondozo|100/100 slp|[silent]\n|\n|upkeep\n|turn|22\n|\n|t:|1777500000\n|switch|p1a: Hatterene|Hatterene, F, shiny|58/100\n|cant|p2a: Dondozo|slp\n|move|p2a: Dondozo|Sleep Talk|p2a: Dondozo\n|move|p2a: Dondozo|Rest||[from] move: Sleep Talk|[still]\n|-fail|p2a: Dondozo\n|\n|upkeep\n|turn|23\n|\n|t:|1777500005\n|switch|p1a: Meowscarada|Meowscarada, M|65/100\n|switch|p2a: Blissey|Blissey, F|84/100\n|\n|upkeep\n|turn|24\n|\n|t:|1777500011\n|switch|p2a: Dondozo|Dondozo, F, tera:Fighting|100/100 slp\n|move|p1a: Meowscarada|Knock Off|p2a: Dondozo\n|-start|p1a: Meowscarada|typechange|Dark|[from] ability: Protean\n|-resisted|p2a: Dondozo\n|-damage|p2a: Dondozo|84/100 slp\n|-enditem|p2a: Dondozo|Heavy-Duty Boots|[from] move: Knock Off|[of] p1a: Meowscarada\n|\n|upkeep\n|turn|25\n|-message|freezentic forfeited.\n|\n|win|Cruzrooni\n|raw|Cruzrooni's rating: 1397 &rarr; <strong>1418</strong><br />(+21 for winning)\n|raw|freezentic's rating: 1423 &rarr; <strong>1402</strong><br />(-21 for losing)\n|l|\u2606freezentic\n|player|p2|\n|l|\u2606Cruzrooni\n|player|p1|\n", "uploadtime": 1777500250, "views": 20, "formatid": "gen9ou", "rating": 1402, "private": 0, "password": null}