{"id": "gen9ou-2597589535", "format": "[Gen 9] OU", "players": ["On the wave now", "CanaryKill"], "log": "|j|\u2606On the wave now\n|j|\u2606CanaryKill\n|t:|1777497518\n|gametype|singles\n|player|p1|On the wave now|ruinmaniac|1667\n|player|p2|CanaryKill|101|1586\n|gen|9\n|tier|[Gen 9] OU\n|rated|\n|rule|HP Percentage Mod: HP is shown in percentages\n|rule|Endless Battle Clause: Forcing endless battles is banned\n|rule|Species Clause: Limit one of each Pok\u00e9mon\n|rule|OHKO Clause: OHKO moves are banned\n|rule|Evasion Items Clause: Evasion items are banned\n|rule|Evasion Moves Clause: Evasion moves are banned\n|rule|Evasion Abilities Clause: Evasion abilities are banned\n|rule|Sleep Moves Clause: Sleep-inducing moves are banned\n|clearpoke\n|poke|p1|Slowking-Galar, F|\n|poke|p1|Mamoswine, F|\n|poke|p1|Zapdos|\n|poke|p1|Dragapult, M|\n|poke|p1|Skarmory, F|\n|poke|p1|Ting-Lu|\n|poke|p2|Dragapult, F|\n|poke|p2|Samurott-Hisui, M|\n|poke|p2|Landorus-Therian, M|\n|poke|p2|Corviknight, M|\n|poke|p2|Ogerpon, F|\n|poke|p2|Slowking-Galar, M|\n|teampreview\n|inactive|Battle timer is ON: inactive players will automatically lose when time's up. (requested by CanaryKill)\n|\n|t:|1777497549\n|teamsize|p1|6\n|teamsize|p2|6\n|start\n|switch|p1a: Skarmory|Skarmory, F|100/100\n|switch|p2a: Samurott|Samurott-Hisui, M|100/100\n|turn|1\n|\n|t:|1777497564\n|move|p2a: Samurott|Ceaseless Edge|p1a: Skarmory\n|-damage|p1a: Skarmory|58/100\n|-damage|p2a: Samurott|83/100|[from] item: Rocky Helmet|[of] p1a: Skarmory\n|-sidestart|p1: On the wave now|Spikes\n|move|p1a: Skarmory|Body Press|p2a: Samurott\n|-supereffective|p2a: Samurott\n|-damage|p2a: Samurott|7/100\n|\n|upkeep\n|turn|2\n|inactive|CanaryKill has 120 seconds left.\n|\n|t:|1777497593\n|switch|p2a: Dragapult|Dragapult, F|100/100\n|move|p1a: Skarmory|Roost|p1a: Skarmory\n|-heal|p1a: Skarmory|100/100\n|-singleturn|p1a: Skarmory|move: Roost\n|\n|upkeep\n|turn|3\n|\n|t:|1777497598\n|switch|p1a: Ting-Lu|Ting-Lu|100/100\n|-ability|p1a: Ting-Lu|Vessel of Ruin\n|move|p2a: Dragapult|Draco Meteor|p1a: Ting-Lu\n|-damage|p1a: Ting-Lu|63/100\n|-unboost|p2a: Dragapult|spa|2\n|\n|upkeep\n|turn|4\n|\n|t:|1777497609\n|switch|p2a: Landorus|Landorus-Therian, M|100/100\n|-ability|p2a: Landorus|Intimidate|boost\n|-unboost|p1a: Ting-Lu|atk|1\n|move|p1a: Ting-Lu|Earthquake|p2a: Landorus\n|-immune|p2a: Landorus\n|\n|upkeep\n|turn|5\n|\n|t:|1777497616\n|move|p2a: Landorus|Taunt|p1a: Ting-Lu\n|-start|p1a: Ting-Lu|move: Taunt\n|cant|p1a: Ting-Lu|move: Taunt|Spikes\n|\n|upkeep\n|turn|6\n|\n|t:|1777497619\n|switch|p1a: Zapdos|Zapdos|100/100\n|move|p2a: Landorus|Stealth Rock|p1a: Zapdos\n|-sidestart|p1: On the wave now|move: Stealth Rock\n|\n|upkeep\n|turn|7\n|\n|t:|1777497626\n|move|p2a: Landorus|Taunt|p1a: Zapdos\n|-start|p1a: Zapdos|move: Taunt\n|move|p1a: Zapdos|Volt Switch|p2a: Landorus\n|-immune|p2a: Landorus\n|\n|upkeep\n|turn|8\n|\n|t:|1777497642\n|switch|p2a: Slowking|Slowking-Galar, M|100/100\n|move|p1a: Zapdos|Volt Switch|p2a: Slowking\n|-damage|p2a: Slowking|83/100\n|\n|t:|1777497645\n|switch|p1a: Ting-Lu|Ting-Lu|63/100|[from] Volt Switch\n|-ability|p1a: Ting-Lu|Vessel of Ruin\n|\n|upkeep\n|turn|9\n|\n|t:|1777497669\n|move|p1a: Ting-Lu|Earthquake|p2a: Slowking\n|-supereffective|p2a: Slowking\n|-damage|p2a: Slowking|5/100\n|-prepare|p2a: Slowking|Chilly Reception|[premajor]\n|move|p2a: Slowking|Chilly Reception|p2a: Slowking\n|-weather|Snowscape\n|inactive|CanaryKill has 120 seconds left.\n|\n|t:|1777497685\n|switch|p2a: Samurott|Samurott-Hisui, M|7/100|[from] Chilly Reception\n|\n|-weather|Snowscape|[upkeep]\n|upkeep\n|turn|10\n|\n|t:|1777497690\n|move|p2a: Samurott|Razor Shell|p1a: Ting-Lu\n|-supereffective|p1a: Ting-Lu\n|-damage|p1a: Ting-Lu|0 fnt\n|faint|p1a: Ting-Lu\n|\n|-weather|Snowscape|[upkeep]\n|upkeep\n|\n|t:|1777497693\n|switch|p1a: Dragapult|Dragapult, M|100/100\n|turn|11\n|\n|t:|1777497703\n|move|p1a: Dragapult|Will-O-Wisp|p2a: Samurott\n|-status|p2a: Samurott|brn\n|move|p2a: Samurott|Razor Shell|p1a: Dragapult\n|-resisted|p1a: Dragapult\n|-damage|p1a: Dragapult|68/100\n|-unboost|p1a: Dragapult|def|1\n|\n|-weather|Snowscape|[upkeep]\n|-damage|p2a: Samurott|1/100 brn|[from] brn\n|upkeep\n|turn|12\n|\n|t:|1777497713\n|move|p1a: Dragapult|U-turn|p2a: Samurott\n|-supereffective|p2a: Samurott\n|-damage|p2a: Samurott|0 fnt\n|faint|p2a: Samurott\n|\n|t:|1777497719\n|switch|p1a: Mamoswine|Mamoswine, F|100/100|[from] U-turn\n|\n|-weather|Snowscape|[upkeep]\n|upkeep\n|\n|t:|1777497727\n|switch|p2a: Ogerpon|Ogerpon, F|100/100\n|turn|13\n|\n|t:|1777497738\n|switch|p1a: Skarmory|Skarmory, F|100/100\n|-damage|p1a: Skarmory|87/100|[from] Stealth Rock\n|move|p2a: Ogerpon|Ivy Cudgel|p1a: Skarmory\n|-resisted|p1a: Skarmory\n|-crit|p1a: Skarmory\n|-damage|p1a: Skarmory|68/100\n|\n|-weather|none\n|upkeep\n|turn|14\n|\n|t:|1777497741\n|switch|p2a: Dragapult|Dragapult, F|100/100\n|move|p1a: Skarmory|Stealth Rock|p2a: Dragapult\n|-sidestart|p2: CanaryKill|move: Stealth Rock\n|\n|upkeep\n|turn|15\n|\n|t:|1777497747\n|switch|p1a: Slowking|Slowking-Galar, F|100/100\n|move|p2a: Dragapult|Shadow Ball|p1a: Slowking\n|-supereffective|p1a: Slowking\n|-damage|p1a: Slowking|29/100\n|\n|upkeep\n|turn|16\n|\n|t:|1777497755\n|move|p2a: Dragapult|Shadow Ball|p1a: Slowking\n|-supereffective|p1a: Slowking\n|-damage|p1a: Slowking|0 fnt\n|faint|p1a: Slowking\n|\n|upkeep\n|\n|t:|1777497757\n|switch|p1a: Mamoswine|Mamoswine, F|100/100\n|turn|17\n|\n|t:|1777497767\n|switch|p2a: Corviknight|Corviknight, M|100/100\n|-damage|p2a: Corviknight|87/100|[from] Stealth Rock\n|move|p1a: Mamoswine|Icicle Crash|p2a: Corviknight\n|-damage|p2a: Corviknight|59/100\n|\n|upkeep\n|turn|18\n|\n|t:|1777497773\n|switch|p1a: Zapdos|Zapdos|100/100\n|move|p2a: Corviknight|Roost|p2a: Corviknight\n|-heal|p2a: Corviknight|100/100\n|-singleturn|p2a: Corviknight|move: Roost\n|\n|upkeep\n|turn|19\n|\n|t:|1777497779\n|switch|p2a: Dragapult|Dragapult, F|100/100\n|-damage|p2a: Dragapult|87/100|[from] Stealth Rock\n|move|p1a: Zapdos|Volt Switch|p2a: Dragapult\n|-resisted|p2a: Dragapult\n|-damage|p2a: Dragapult|68/100\n|\n|t:|1777497782\n|switch|p1a: Mamoswine|Mamoswine, F|100/100|[from] Volt Switch\n|\n|upkeep\n|turn|20\n|\n|t:|1777497789\n|switch|p2a: Corviknight|Corviknight, M|100/100\n|-damage|p2a: Corviknight|87/100|[from] Stealth Rock\n|-terastallize|p1a: Mamoswine|Ice\n|move|p1a: Mamoswine|Ice Shard|p2a: Corviknight\n|-damage|p2a: Corviknight|69/100\n|\n|upkeep\n|turn|21\n|\n|t:|1777497795\n|move|p1a: Mamoswine|Icicle Crash|p2a: Corviknight\n|-crit|p2a: Corviknight\n|-damage|p2a: Corviknight|15/100\n|move|p2a: Corviknight|U-turn|p1a: Mamoswine\n|-damage|p1a: Mamoswine|82/100\n|inactive|CanaryKill has 120 seconds left.\n|\n|t:|1777497828\n|switch|p2a: Ogerpon|Ogerpon, F|100/100|[from] U-turn\n|-damage|p2a: Ogerpon|87/100|[from] Stealth Rock\n|\n|upkeep\n|turn|22\n|inactive|CanaryKill has 120 seconds left.\n|\n|t:|1777497843\n|switch|p2a: Landorus|Landorus-Therian, M|100/100\n|-damage|p2a: Landorus|87/100|[from] Stealth Rock\n|-ability|p2a: Landorus|Intimidate|boost\n|-unboost|p1a: Mamoswine|atk|1\n|switch|p1a: Skarmory|Skarmory, F|68/100\n|-damage|p1a: Skarmory|56/100|[from] Stealth Rock\n|\n|upkeep\n|turn|23\n|\n|t:|1777497847\n|switch|p1a: Zapdos|Zapdos|100/100\n|move|p2a: Landorus|Taunt|p1a: Zapdos\n|-start|p1a: Zapdos|move: Taunt\n|\n|upkeep\n|turn|24\n|\n|t:|1777497852\n|switch|p2a: Corviknight|Corviknight, M|15/100\n|-damage|p2a: Corviknight|2/100|[from] Stealth Rock\n|move|p1a: Zapdos|Volt Switch|p2a: Corviknight\n|-supereffective|p2a: Corviknight\n|-damage|p2a: Corviknight|0 fnt\n|faint|p2a: Corviknight\n|\n|t:|1777497855\n|switch|p1a: Mamoswine|Mamoswine, F, tera:Ice|82/100|[from] Volt Switch\n|\n|upkeep\n|\n|t:|1777497860\n|switch|p2a: Landorus|Landorus-Therian, M|87/100\n|-damage|p2a: Landorus|75/100|[from] Stealth Rock\n|-ability|p2a: Landorus|Intimidate|boost\n|-unboost|p1a: Mamoswine|atk|1\n|turn|25\n|\n|t:|1777497863\n|switch|p1a: Zapdos|Zapdos|100/100\n|move|p2a: Landorus|U-turn|p1a: Zapdos\n|-resisted|p1a: Zapdos\n|-damage|p1a: Zapdos|93/100\n|\n|t:|1777497866\n|switch|p2a: Dragapult|Dragapult, F|68/100|[from] U-turn\n|-damage|p2a: Dragapult|56/100|[from] Stealth Rock\n|\n|upkeep\n|turn|26\n|\n|t:|1777497870\n|switch|p1a: Skarmory|Skarmory, F|56/100\n|-damage|p1a: Skarmory|43/100|[from] Stealth Rock\n|move|p2a: Dragapult|Draco Meteor|p1a: Skarmory\n|-resisted|p1a: Skarmory\n|-damage|p1a: Skarmory|0 fnt\n|-unboost|p2a: Dragapult|spa|2\n|faint|p1a: Skarmory\n|\n|upkeep\n|\n|t:|1777497872\n|switch|p1a: Mamoswine|Mamoswine, F, tera:Ice|82/100\n|turn|27\n|\n|t:|1777497878\n|switch|p2a: Landorus|Landorus-Therian, M|75/100\n|-damage|p2a: Landorus|63/100|[from] Stealth Rock\n|-ability|p2a: Landorus|Intimidate|boost\n|-unboost|p1a: Mamoswine|atk|1\n|move|p1a: Mamoswine|Icicle Crash|p2a: Landorus\n|-supereffective|p2a: Landorus\n|-damage|p2a: Landorus|0 fnt\n|faint|p2a: Landorus\n|\n|upkeep\n|\n|t:|1777497882\n|switch|p2a: Ogerpon|Ogerpon, F|87/100\n|-damage|p2a: Ogerpon|75/100|[from] Stealth Rock\n|turn|28\n|\n|t:|1777497891\n|switch|p1a: Zapdos|Zapdos|93/100\n|-terastallize|p2a: Ogerpon|Grass\n|detailschange|p2a: Ogerpon|Ogerpon-Teal-Tera, F, tera:Grass\n|-ability|p2a: Ogerpon|Embody Aspect (Teal)|boost\n|-boost|p2a: Ogerpon|spe|1\n|move|p2a: Ogerpon|Ivy Cudgel|p1a: Zapdos\n|-resisted|p1a: Zapdos\n|-damage|p1a: Zapdos|59/100\n|\n|upkeep\n|turn|29\n|\n|t:|1777497896\n|switch|p2a: Slowking|Slowking-Galar, M|38/100\n|move|p1a: Zapdos|Volt Switch|p2a: Slowking\n|-damage|p2a: Slowking|22/100\n|\n|t:|1777497898\n|switch|p1a: Mamoswine|Mamoswine, F, tera:Ice|82/100|[from] Volt Switch\n|\n|upkeep\n|turn|30\n|\n|t:|1777497903\n|move|p1a: Mamoswine|Knock Off|p2a: Slowking\n|-supereffective|p2a: Slowking\n|-damage|p2a: Slowking|0 fnt\n|-enditem|p2a: Slowking|Heavy-Duty Boots|[from] move: Knock Off|[of] p1a: Mamoswine\n|faint|p2a: Slowking\n|\n|upkeep\n|\n|t:|1777497905\n|switch|p2a: Ogerpon|Ogerpon-Teal-Tera, F, tera:Grass|75/100\n|-damage|p2a: Ogerpon|63/100|[from] Stealth Rock\n|-ability|p2a: Ogerpon|Embody Aspect (Teal)|boost\n|-boost|p2a: Ogerpon|spe|1\n|turn|31\n|\n|t:|1777497908\n|move|p1a: Mamoswine|Ice Shard|p2a: Ogerpon\n|-supereffective|p2a: Ogerpon\n|-damage|p2a: Ogerpon|0 fnt\n|faint|p2a: Ogerpon\n|detailschange|p2: Ogerpon|Ogerpon, F|[silent]\n|\n|upkeep\n|\n|t:|1777497910\n|switch|p2a: Dragapult|Dragapult, F|56/100\n|-damage|p2a: Dragapult|44/100|[from] Stealth Rock\n|turn|32\n|c|\u2606On the wave now|gg\n|\n|t:|1777497914\n|move|p1a: Mamoswine|Ice Shard|p2a: Dragapult\n|-supereffective|p2a: Dragapult\n|-damage|p2a: Dragapult|0 fnt\n|faint|p2a: Dragapult\n|\n|win|On the wave now\n|raw|On the wave now's rating: 1681 &rarr; <strong>1696</strong><br />(+15 for winning)\n|raw|CanaryKill's rating: 1586 &rarr; <strong>1571</strong><br />(-15 for losing)\n|l|\u2606CanaryKill\n|player|p2|\n|l|\u2606On the wave now\n|player|p1|\n", "uploadtime": 1777497921, "views": 17, "formatid": "gen9ou", "rating": 1571, "private": 0, "password": null}