{"id": "gen9ou-2597586349", "format": "[Gen 9] OU", "players": ["evil curse", "Igoodnamename"], "log": "|badge|p2|bronze|gen9ou|100-9\n|uhtml|medal-msg|<div class=\"broadcast-blue\">Curious what those medals under the avatar are? PS now has Ladder Seasons! For more information, check out the <a href=\"https://www.smogon.com/forums/threads/3740067/\">thread on Smogon.</a></div>\n|j|\u2606evil curse\n|j|\u2606Igoodnamename\n|t:|1777497247\n|gametype|singles\n|player|p1|evil curse|lusamine-nihilego|1678\n|player|p2|Igoodnamename|1|1869\n|gen|9\n|tier|[Gen 9] OU\n|rated|\n|rule|HP Percentage Mod: HP is shown in percentages\n|rule|Endless Battle Clause: Forcing endless battles is banned\n|rule|Species Clause: Limit one of each Pok\u00e9mon\n|rule|OHKO Clause: OHKO moves are banned\n|rule|Evasion Items Clause: Evasion items are banned\n|rule|Evasion Moves Clause: Evasion moves are banned\n|rule|Evasion Abilities Clause: Evasion abilities are banned\n|rule|Sleep Moves Clause: Sleep-inducing moves are banned\n|clearpoke\n|poke|p1|Gliscor, F|\n|poke|p1|Kyurem|\n|poke|p1|Zamazenta-*|\n|poke|p1|Weezing-Galar, F|\n|poke|p1|Ogerpon, F|\n|poke|p1|Jirachi|\n|poke|p2|Gholdengo|\n|poke|p2|Hydrapple, F|\n|poke|p2|Moltres|\n|poke|p2|Ting-Lu|\n|poke|p2|Weavile, M|\n|poke|p2|Zamazenta-*|\n|teampreview\n|c|\u2606evil curse|hf\n|c|\u2606Igoodnamename|u2\n|inactive|Battle timer is ON: inactive players will automatically lose when time's up. (requested by Igoodnamename)\n|\n|t:|1777497276\n|teamsize|p1|6\n|teamsize|p2|6\n|start\n|switch|p1a: Ogerpon|Ogerpon, F|100/100\n|switch|p2a: Weavile|Weavile, M|100/100\n|-ability|p2a: Weavile|Pressure\n|turn|1\n|\n|t:|1777497283\n|switch|p2a: Hydrapple|Hydrapple, F|100/100\n|-terastallize|p1a: Ogerpon|Grass\n|detailschange|p1a: Ogerpon|Ogerpon-Teal-Tera, F, tera:Grass\n|-ability|p1a: Ogerpon|Embody Aspect (Teal)|boost\n|-boost|p1a: Ogerpon|spe|1\n|move|p1a: Ogerpon|Low Kick|p2a: Hydrapple\n|-damage|p2a: Hydrapple|83/100\n|\n|upkeep\n|turn|2\n|\n|t:|1777497295\n|switch|p1a: Gliscor|Gliscor, F|100/100\n|move|p2a: Hydrapple|Fickle Beam|p1a: Gliscor|[anim] Fickle Beam All Out\n|-activate|p2a: Hydrapple|move: Fickle Beam\n|-damage|p1a: Gliscor|18/100\n|\n|-status|p1a: Gliscor|tox|[from] item: Toxic Orb\n|upkeep\n|turn|3\n|\n|t:|1777497302\n|move|p1a: Gliscor|Protect|p1a: Gliscor\n|-singleturn|p1a: Gliscor|Protect\n|move|p2a: Hydrapple|Giga Drain|p1a: Gliscor\n|-activate|p1a: Gliscor|move: Protect\n|\n|-heal|p1a: Gliscor|30/100 tox|[from] ability: Poison Heal\n|upkeep\n|turn|4\n|\n|t:|1777497307\n|switch|p1a: Jirachi|Jirachi|100/100\n|-item|p1a: Jirachi|Air Balloon\n|move|p2a: Hydrapple|Nasty Plot|p2a: Hydrapple\n|-boost|p2a: Hydrapple|spa|2\n|\n|upkeep\n|turn|5\n|\n|t:|1777497312\n|move|p1a: Jirachi|Encore|p2a: Hydrapple\n|-start|p2a: Hydrapple|Encore\n|move|p2a: Hydrapple|Nasty Plot|p2a: Hydrapple\n|-boost|p2a: Hydrapple|spa|2\n|\n|upkeep\n|turn|6\n|\n|t:|1777497316\n|switch|p2a: Ting-Lu|Ting-Lu|100/100\n|-ability|p2a: Ting-Lu|Vessel of Ruin\n|move|p1a: Jirachi|Stealth Rock|p2a: Ting-Lu\n|-sidestart|p2: Igoodnamename|move: Stealth Rock\n|\n|upkeep\n|turn|7\n|\n|t:|1777497322\n|switch|p1a: Kyurem|Kyurem|100/100\n|-ability|p1a: Kyurem|Pressure\n|move|p2a: Ting-Lu|Stealth Rock|p1a: Kyurem\n|-sidestart|p1: evil curse|move: Stealth Rock\n|\n|upkeep\n|turn|8\n|\n|t:|1777497326\n|move|p1a: Kyurem|Freeze-Dry|p2a: Ting-Lu\n|-supereffective|p2a: Ting-Lu\n|-damage|p2a: Ting-Lu|70/100\n|move|p2a: Ting-Lu|Ruination|p1a: Kyurem\n|-damage|p1a: Kyurem|50/100y\n|\n|-heal|p1a: Kyurem|56/100|[from] item: Leftovers\n|-heal|p2a: Ting-Lu|77/100|[from] item: Leftovers\n|upkeep\n|turn|9\n|\n|t:|1777497332\n|switch|p2a: Moltres|Moltres|100/100\n|move|p1a: Kyurem|Freeze-Dry|p2a: Moltres\n|-damage|p2a: Moltres|66/100\n|\n|-heal|p1a: Kyurem|62/100|[from] item: Leftovers\n|upkeep\n|turn|10\n|\n|t:|1777497337\n|move|p1a: Kyurem|Freeze-Dry|p2a: Moltres\n|-damage|p2a: Moltres|29/100\n|move|p2a: Moltres|Flamethrower|p1a: Kyurem\n|-damage|p1a: Kyurem|25/100\n|\n|-heal|p1a: Kyurem|31/100|[from] item: Leftovers\n|upkeep\n|turn|11\n|\n|t:|1777497341\n|move|p1a: Kyurem|Freeze-Dry|p2a: Moltres\n|-damage|p2a: Moltres|0 fnt\n|faint|p2a: Moltres\n|\n|-heal|p1a: Kyurem|38/100|[from] item: Leftovers\n|upkeep\n|\n|t:|1777497343\n|switch|p2a: Weavile|Weavile, M|100/100\n|-ability|p2a: Weavile|Pressure\n|turn|12\n|\n|t:|1777497350\n|move|p1a: Kyurem|Protect|p1a: Kyurem\n|-singleturn|p1a: Kyurem|Protect\n|move|p2a: Weavile|Knock Off|p1a: Kyurem\n|-activate|p1a: Kyurem|move: Protect\n|\n|-heal|p1a: Kyurem|44/100|[from] item: Leftovers\n|upkeep\n|turn|13\n|\n|t:|1777497363\n|switch|p1a: Weezing|Weezing-Galar, F|100/100\n|-ability|p1a: Weezing|Neutralizing Gas\n|move|p2a: Weavile|Triple Axel|p1a: Weezing\n|-damage|p1a: Weezing|93/100\n|-damage|p1a: Weezing|79/100\n|-damage|p1a: Weezing|61/100\n|-hitcount|p1a: Weezing|3\n|\n|upkeep\n|turn|14\n|\n|t:|1777497369\n|switch|p2a: Gholdengo|Gholdengo|100/100\n|-damage|p2a: Gholdengo|93/100|[from] Stealth Rock\n|move|p1a: Weezing|Will-O-Wisp|p2a: Gholdengo\n|-status|p2a: Gholdengo|brn\n|\n|-damage|p2a: Gholdengo|87/100 brn|[from] brn\n|upkeep\n|turn|15\n|inactive|evil curse has 120 seconds left.\n|\n|t:|1777497402\n|-end|p1a: Weezing|ability: Neutralizing Gas\n|switch|p1a: Zamazenta|Zamazenta|100/100\n|-damage|p1a: Zamazenta|93/100|[from] Stealth Rock\n|-ability|p1a: Zamazenta|Dauntless Shield|boost\n|-boost|p1a: Zamazenta|def|1\n|move|p2a: Gholdengo|Shadow Ball|p1a: Zamazenta\n|-damage|p1a: Zamazenta|57/100\n|\n|-damage|p2a: Gholdengo|81/100 brn|[from] brn\n|upkeep\n|turn|16\n|\n|t:|1777497411\n|switch|p2a: Hydrapple|Hydrapple, F|100/100\n|move|p1a: Zamazenta|Close Combat|p2a: Hydrapple\n|-damage|p2a: Hydrapple|53/100\n|-unboost|p1a: Zamazenta|def|1\n|-unboost|p1a: Zamazenta|spd|1\n|\n|upkeep\n|turn|17\n|inactive|evil curse has 120 seconds left.\n|\n|t:|1777497452\n|switch|p1a: Weezing|Weezing-Galar, F|61/100\n|-ability|p1a: Weezing|Neutralizing Gas\n|move|p2a: Hydrapple|Giga Drain|p1a: Weezing\n|-resisted|p1a: Weezing\n|-damage|p1a: Weezing|41/100\n|-heal|p2a: Hydrapple|61/100|[from] drain|[of] p1a: Weezing\n|\n|upkeep\n|turn|18\n|inactive|evil curse has 90 seconds left.\n|\n|t:|1777497472\n|-end|p1a: Weezing|ability: Neutralizing Gas\n|switch|p1a: Ogerpon|Ogerpon-Teal-Tera, F, tera:Grass|100/100\n|-damage|p1a: Ogerpon|87/100|[from] Stealth Rock\n|-ability|p1a: Ogerpon|Embody Aspect (Teal)|boost\n|-boost|p1a: Ogerpon|spe|1\n|move|p2a: Hydrapple|Earth Power|p1a: Ogerpon\n|-resisted|p1a: Ogerpon\n|-damage|p1a: Ogerpon|72/100\n|\n|upkeep\n|turn|19\n|\n|t:|1777497476\n|move|p1a: Ogerpon|Knock Off|p2a: Hydrapple\n|-damage|p2a: Hydrapple|41/100\n|-enditem|p2a: Hydrapple|Heavy-Duty Boots|[from] move: Knock Off|[of] p1a: Ogerpon\n|move|p2a: Hydrapple|Fickle Beam|p1a: Ogerpon|[anim] Fickle Beam All Out\n|-activate|p2a: Hydrapple|move: Fickle Beam\n|-damage|p1a: Ogerpon|1/100\n|\n|upkeep\n|turn|20\n|\n|t:|1777497484\n|move|p1a: Ogerpon|Knock Off|p2a: Hydrapple\n|-damage|p2a: Hydrapple|29/100\n|move|p2a: Hydrapple|Giga Drain|p1a: Ogerpon\n|-resisted|p1a: Ogerpon\n|-damage|p1a: Ogerpon|0 fnt\n|-heal|p2a: Hydrapple|29/100|[from] drain|[of] p1a: Ogerpon\n|faint|p1a: Ogerpon\n|detailschange|p1: Ogerpon|Ogerpon, F|[silent]\n|\n|upkeep\n|\n|t:|1777497488\n|switch|p1a: Kyurem|Kyurem|44/100\n|-damage|p1a: Kyurem|19/100|[from] Stealth Rock\n|-ability|p1a: Kyurem|Pressure\n|turn|21\n|\n|t:|1777497492\n|switch|p2a: Weavile|Weavile, M|100/100\n|-ability|p2a: Weavile|Pressure\n|move|p1a: Kyurem|Freeze-Dry|p2a: Weavile\n|-resisted|p2a: Weavile\n|-damage|p2a: Weavile|74/100\n|\n|-heal|p1a: Kyurem|25/100|[from] item: Leftovers\n|upkeep\n|turn|22\n|\n|t:|1777497499\n|move|p2a: Weavile|Swords Dance|p2a: Weavile\n|-boost|p2a: Weavile|atk|2\n|move|p1a: Kyurem|Earth Power|p2a: Weavile\n|-damage|p2a: Weavile|34/100\n|\n|-heal|p1a: Kyurem|31/100|[from] item: Leftovers\n|upkeep\n|turn|23\n|\n|t:|1777497505\n|move|p1a: Kyurem|Protect|p1a: Kyurem\n|-singleturn|p1a: Kyurem|Protect\n|move|p2a: Weavile|Knock Off|p1a: Kyurem\n|-activate|p1a: Kyurem|move: Protect\n|\n|-heal|p1a: Kyurem|37/100|[from] item: Leftovers\n|upkeep\n|turn|24\n|\n|t:|1777497518\n|move|p2a: Weavile|Knock Off|p1a: Kyurem\n|-damage|p1a: Kyurem|0 fnt\n|-enditem|p1a: Kyurem|Leftovers|[from] move: Knock Off|[of] p2a: Weavile\n|faint|p1a: Kyurem\n|\n|upkeep\n|\n|t:|1777497520\n|switch|p1a: Zamazenta|Zamazenta|57/100\n|-damage|p1a: Zamazenta|51/100|[from] Stealth Rock\n|turn|25\n|\n|t:|1777497529\n|switch|p2a: Gholdengo|Gholdengo|81/100 brn\n|-damage|p2a: Gholdengo|75/100 brn|[from] Stealth Rock\n|move|p1a: Zamazenta|Crunch|p2a: Gholdengo\n|-supereffective|p2a: Gholdengo\n|-damage|p2a: Gholdengo|0 fnt\n|faint|p2a: Gholdengo\n|\n|upkeep\n|\n|t:|1777497540\n|switch|p2a: Hydrapple|Hydrapple, F|63/100\n|-damage|p2a: Hydrapple|50/100g|[from] Stealth Rock\n|turn|26\n|\n|t:|1777497544\n|switch|p1a: Jirachi|Jirachi|100/100\n|-damage|p1a: Jirachi|93/100|[from] Stealth Rock\n|-item|p1a: Jirachi|Air Balloon\n|move|p2a: Hydrapple|Giga Drain|p1a: Jirachi\n|-resisted|p1a: Jirachi\n|-damage|p1a: Jirachi|81/100\n|-heal|p2a: Hydrapple|57/100|[from] drain|[of] p1a: Jirachi\n|-enditem|p1a: Jirachi|Air Balloon\n|\n|upkeep\n|turn|27\n|\n|t:|1777497552\n|switch|p1a: Gliscor|Gliscor, F|30/100 tox\n|-damage|p1a: Gliscor|18/100 tox|[from] Stealth Rock\n|move|p2a: Hydrapple|Earth Power|p1a: Gliscor\n|-immune|p1a: Gliscor\n|\n|-heal|p1a: Gliscor|30/100 tox|[from] ability: Poison Heal\n|upkeep\n|turn|28\n|\n|t:|1777497563\n|move|p1a: Gliscor|Protect|p1a: Gliscor\n|-singleturn|p1a: Gliscor|Protect\n|move|p2a: Hydrapple|Nasty Plot|p2a: Hydrapple\n|-boost|p2a: Hydrapple|spa|2\n|\n|-heal|p1a: Gliscor|43/100 tox|[from] ability: Poison Heal\n|upkeep\n|turn|29\n|\n|t:|1777497567\n|switch|p1a: Weezing|Weezing-Galar, F|41/100\n|-ability|p1a: Weezing|Neutralizing Gas\n|move|p2a: Hydrapple|Giga Drain|p1a: Weezing\n|-resisted|p1a: Weezing\n|-damage|p1a: Weezing|3/100\n|-heal|p2a: Hydrapple|72/100|[from] drain|[of] p1a: Weezing\n|\n|upkeep\n|turn|30\n|\n|t:|1777497571\n|move|p1a: Weezing|Sludge Bomb|p2a: Hydrapple\n|-supereffective|p2a: Hydrapple\n|-damage|p2a: Hydrapple|13/100\n|move|p2a: Hydrapple|Giga Drain|p1a: Weezing\n|-resisted|p1a: Weezing\n|-damage|p1a: Weezing|0 fnt\n|-heal|p2a: Hydrapple|15/100|[from] drain|[of] p1a: Weezing\n|faint|p1a: Weezing\n|-end|p1a: Weezing|ability: Neutralizing Gas\n|\n|upkeep\n|\n|t:|1777497583\n|switch|p1a: Zamazenta|Zamazenta|51/100\n|-damage|p1a: Zamazenta|45/100|[from] Stealth Rock\n|turn|31\n|\n|t:|1777497588\n|move|p1a: Zamazenta|Close Combat|p2a: Hydrapple\n|-damage|p2a: Hydrapple|0 fnt\n|-unboost|p1a: Zamazenta|def|1\n|-unboost|p1a: Zamazenta|spd|1\n|faint|p2a: Hydrapple\n|\n|upkeep\n|\n|t:|1777497609\n|switch|p2a: Zamazenta|Zamazenta|100/100\n|-damage|p2a: Zamazenta|93/100|[from] Stealth Rock\n|-ability|p2a: Zamazenta|Dauntless Shield|boost\n|-boost|p2a: Zamazenta|def|1\n|turn|32\n|\n|t:|1777497612\n|switch|p1a: Jirachi|Jirachi|81/100\n|-damage|p1a: Jirachi|74/100|[from] Stealth Rock\n|move|p2a: Zamazenta|Iron Defense|p2a: Zamazenta\n|-boost|p2a: Zamazenta|def|2\n|\n|-heal|p2a: Zamazenta|100/100|[from] item: Leftovers\n|upkeep\n|turn|33\n|\n|t:|1777497616\n|move|p2a: Zamazenta|Body Press|p1a: Jirachi\n|-damage|p1a: Jirachi|2/100\n|move|p1a: Jirachi|Encore|p2a: Zamazenta\n|-start|p2a: Zamazenta|Encore\n|\n|upkeep\n|turn|34\n|\n|t:|1777497620\n|move|p2a: Zamazenta|Body Press|p1a: Jirachi\n|-damage|p1a: Jirachi|0 fnt\n|faint|p1a: Jirachi\n|\n|upkeep\n|\n|t:|1777497622\n|switch|p1a: Gliscor|Gliscor, F|43/100 tox\n|-damage|p1a: Gliscor|30/100 tox|[from] Stealth Rock\n|turn|35\n|\n|t:|1777497625\n|move|p1a: Gliscor|Protect|p1a: Gliscor\n|-singleturn|p1a: Gliscor|Protect\n|move|p2a: Zamazenta|Body Press|p1a: Gliscor\n|-activate|p1a: Gliscor|move: Protect\n|\n|-heal|p1a: Gliscor|43/100 tox|[from] ability: Poison Heal\n|upkeep\n|turn|36\n|\n|t:|1777497631\n|move|p2a: Zamazenta|Body Press|p1a: Gliscor\n|-resisted|p1a: Gliscor\n|-damage|p1a: Gliscor|7/100 tox\n|move|p1a: Gliscor|Toxic|p2a: Zamazenta\n|-status|p2a: Zamazenta|tox\n|\n|-damage|p2a: Zamazenta|93/100 tox|[from] psn\n|-heal|p1a: Gliscor|20/100y tox|[from] ability: Poison Heal\n|-end|p2a: Zamazenta|Encore\n|upkeep\n|turn|37\n|\n|t:|1777497644\n|move|p1a: Gliscor|Protect|p1a: Gliscor\n|-singleturn|p1a: Gliscor|Protect\n|move|p2a: Zamazenta|Iron Defense|p2a: Zamazenta\n|-boost|p2a: Zamazenta|def|2\n|\n|-heal|p2a: Zamazenta|100/100 tox|[from] item: Leftovers\n|-damage|p2a: Zamazenta|87/100 tox|[from] psn\n|-heal|p1a: Gliscor|32/100 tox|[from] ability: Poison Heal\n|upkeep\n|turn|38\n|\n|t:|1777497648\n|switch|p1a: Zamazenta|Zamazenta|45/100\n|-damage|p1a: Zamazenta|39/100|[from] Stealth Rock\n|move|p2a: Zamazenta|Body Press|p1a: Zamazenta\n|-damage|p1a: Zamazenta|0 fnt\n|faint|p1a: Zamazenta\n|\n|-heal|p2a: Zamazenta|93/100 tox|[from] item: Leftovers\n|-damage|p2a: Zamazenta|75/100 tox|[from] psn\n|upkeep\n|\n|t:|1777497651\n|switch|p1a: Gliscor|Gliscor, F|32/100 tox\n|-damage|p1a: Gliscor|20/100y tox|[from] Stealth Rock\n|turn|39\n|\n|t:|1777497653\n|move|p1a: Gliscor|Protect|p1a: Gliscor\n|-singleturn|p1a: Gliscor|Protect\n|move|p2a: Zamazenta|Body Press|p1a: Gliscor\n|-activate|p1a: Gliscor|move: Protect\n|\n|-heal|p2a: Zamazenta|81/100 tox|[from] item: Leftovers\n|-damage|p2a: Zamazenta|56/100 tox|[from] psn\n|-heal|p1a: Gliscor|32/100 tox|[from] ability: Poison Heal\n|upkeep\n|turn|40\n|\n|t:|1777497655\n|move|p1a: Gliscor|Protect|p1a: Gliscor\n|-singleturn|p1a: Gliscor|Protect\n|move|p2a: Zamazenta|Body Press|p1a: Gliscor\n|-activate|p1a: Gliscor|move: Protect\n|\n|-heal|p2a: Zamazenta|62/100 tox|[from] item: Leftovers\n|-damage|p2a: Zamazenta|31/100 tox|[from] psn\n|-heal|p1a: Gliscor|45/100 tox|[from] ability: Poison Heal\n|upkeep\n|turn|41\n|\n|t:|1777497661\n|move|p2a: Zamazenta|Body Press|p1a: Gliscor\n|-resisted|p1a: Gliscor\n|-damage|p1a: Gliscor|0 fnt\n|faint|p1a: Gliscor\n|\n|win|Igoodnamename\n|raw|evil curse's rating: 1678 &rarr; <strong>1668</strong><br />(-10 for losing)\n|raw|Igoodnamename's rating: 1869 &rarr; <strong>1879</strong><br />(+10 for winning)\n|c|\u2606evil curse|gg\n|c|\u2606Igoodnamename|ggs\n|l|\u2606Igoodnamename\n|player|p2|\n|l|\u2606evil curse\n|player|p1|\n", "uploadtime": 1777497908, "views": 8, "formatid": "gen9ou", "rating": 1668, "private": 0, "password": null}