{"id": "gen9ou-2597586150", "format": "[Gen 9] OU", "players": ["ShowerCurt", "BidoofDaLegend"], "log": "|j|\u2606ShowerCurt\n|j|\u2606BidoofDaLegend\n|t:|1777497231\n|gametype|singles\n|player|p1|ShowerCurt|janitor|1413\n|player|p2|BidoofDaLegend|juggler|1378\n|gen|9\n|tier|[Gen 9] OU\n|rated|\n|rule|HP Percentage Mod: HP is shown in percentages\n|rule|Endless Battle Clause: Forcing endless battles is banned\n|rule|Species Clause: Limit one of each Pok\u00e9mon\n|rule|OHKO Clause: OHKO moves are banned\n|rule|Evasion Items Clause: Evasion items are banned\n|rule|Evasion Moves Clause: Evasion moves are banned\n|rule|Evasion Abilities Clause: Evasion abilities are banned\n|rule|Sleep Moves Clause: Sleep-inducing moves are banned\n|clearpoke\n|poke|p1|Sinistcha-Masterpiece|\n|poke|p1|Dragapult, M|\n|poke|p1|Galvantula, F|\n|poke|p1|Braviary-Hisui, M|\n|poke|p1|Tinkaton, F|\n|poke|p1|Slither Wing|\n|poke|p2|Gengar, F|\n|poke|p2|Landorus-Therian, M|\n|poke|p2|Heatran, F|\n|poke|p2|Weavile, F|\n|poke|p2|Samurott-Hisui, M|\n|poke|p2|Iron Boulder|\n|teampreview\n|inactive|Battle timer is ON: inactive players will automatically lose when time's up. (requested by ShowerCurt)\n|c|\u2606ShowerCurt|Glhf\n|\n|t:|1777497247\n|teamsize|p1|6\n|teamsize|p2|6\n|start\n|switch|p1a: Galvantula|Galvantula, F, shiny|100/100\n|switch|p2a: Weavile|Weavile, F|100/100\n|turn|1\n|\n|t:|1777497255\n|move|p2a: Weavile|Swords Dance|p2a: Weavile\n|-boost|p2a: Weavile|atk|2\n|move|p1a: Galvantula|Thunder Wave|p2a: Weavile\n|-status|p2a: Weavile|par\n|\n|upkeep\n|turn|2\n|\n|t:|1777497260\n|move|p1a: Galvantula|Sticky Web|p2a: Weavile\n|-sidestart|p2: BidoofDaLegend|move: Sticky Web\n|move|p2a: Weavile|Triple Axel|p1a: Galvantula\n|-damage|p1a: Galvantula|60/100\n|-damage|p1a: Galvantula|0 fnt\n|faint|p1a: Galvantula\n|-hitcount|p1: Galvantula|2\n|\n|upkeep\n|\n|t:|1777497281\n|switch|p1a: Slither Wing|Slither Wing, shiny|100/100\n|turn|3\n|\n|t:|1777497285\n|move|p1a: Slither Wing|Bulk Up|p1a: Slither Wing\n|-boost|p1a: Slither Wing|atk|1\n|-boost|p1a: Slither Wing|def|1\n|move|p2a: Weavile|Triple Axel|p1a: Slither Wing\n|-damage|p1a: Slither Wing|86/100\n|-damage|p1a: Slither Wing|56/100\n|-damage|p1a: Slither Wing|12/100\n|-hitcount|p1a: Slither Wing|3\n|\n|upkeep\n|turn|4\n|\n|t:|1777497299\n|switch|p2a: Landorus|Landorus-Therian, M|100/100\n|-ability|p2a: Landorus|Intimidate|boost\n|-unboost|p1a: Slither Wing|atk|1\n|move|p1a: Slither Wing|Leech Life|p2a: Landorus\n|-resisted|p2a: Landorus\n|-damage|p2a: Landorus|67/100\n|-heal|p1a: Slither Wing|29/100|[from] drain|[of] p2a: Landorus\n|-damage|p1a: Slither Wing|12/100|[from] item: Rocky Helmet|[of] p2a: Landorus\n|-damage|p1a: Slither Wing|2/100|[from] item: Life Orb\n|\n|upkeep\n|turn|5\n|\n|t:|1777497312\n|move|p2a: Landorus|Stealth Rock|p1a: Slither Wing\n|-sidestart|p1: ShowerCurt|move: Stealth Rock\n|move|p1a: Slither Wing|Close Combat|p2a: Landorus\n|-resisted|p2a: Landorus\n|-damage|p2a: Landorus|19/100\n|-unboost|p1a: Slither Wing|def|1\n|-unboost|p1a: Slither Wing|spd|1\n|-damage|p1a: Slither Wing|0 fnt|[from] item: Rocky Helmet|[of] p2a: Landorus\n|faint|p1a: Slither Wing\n|-end|p1a: Slither Wing|Protosynthesis|[silent]\n|\n|upkeep\n|\n|t:|1777497317\n|switch|p1a: Dragapult|Dragapult, M, shiny|100/100\n|-damage|p1a: Dragapult|87/100|[from] Stealth Rock\n|turn|6\n|\n|t:|1777497324\n|move|p1a: Dragapult|Dragon Darts|p2a: Landorus\n|-damage|p2a: Landorus|0 fnt\n|faint|p2a: Landorus\n|\n|upkeep\n|\n|t:|1777497328\n|switch|p2a: Samurott|Samurott-Hisui, M|100/100\n|-activate|p2a: Samurott|move: Sticky Web\n|-unboost|p2a: Samurott|spe|1\n|turn|7\n|\n|t:|1777497337\n|move|p2a: Samurott|Sucker Punch|p1a: Dragapult\n|-supereffective|p1a: Dragapult\n|-damage|p1a: Dragapult|0 fnt\n|faint|p1a: Dragapult\n|-damage|p2a: Samurott|90/100|[from] item: Life Orb\n|\n|upkeep\n|\n|t:|1777497343\n|switch|p1a: Tinkaton|Tinkaton, F, shiny|100/100\n|-damage|p1a: Tinkaton|93/100|[from] Stealth Rock\n|-ability|p1a: Tinkaton|Mold Breaker\n|turn|8\n|\n|t:|1777497348\n|switch|p2a: Heatran|Heatran, F|100/100\n|-activate|p2a: Heatran|move: Sticky Web\n|-unboost|p2a: Heatran|spe|1\n|move|p1a: Tinkaton|Swords Dance|p1a: Tinkaton\n|-boost|p1a: Tinkaton|atk|2\n|\n|upkeep\n|turn|9\n|\n|t:|1777497355\n|move|p1a: Tinkaton|Knock Off|p2a: Heatran\n|-damage|p2a: Heatran|62/100\n|-status|p1a: Tinkaton|brn|[from] ability: Flame Body|[of] p2a: Heatran\n|-enditem|p2a: Heatran|Assault Vest|[from] move: Knock Off|[of] p1a: Tinkaton\n|move|p2a: Heatran|Lava Plume|p1a: Tinkaton\n|-supereffective|p1a: Tinkaton\n|-damage|p1a: Tinkaton|16/100 brn\n|\n|-damage|p1a: Tinkaton|10/100 brn|[from] brn\n|upkeep\n|turn|10\n|\n|t:|1777497368\n|move|p1a: Tinkaton|Gigaton Hammer|p2a: Heatran\n|-resisted|p2a: Heatran\n|-damage|p2a: Heatran|51/100\n|move|p2a: Heatran|Lava Plume|p1a: Tinkaton\n|-supereffective|p1a: Tinkaton\n|-damage|p1a: Tinkaton|0 fnt\n|faint|p1a: Tinkaton\n|\n|upkeep\n|\n|t:|1777497372\n|switch|p1a: Sinistcha|Sinistcha-Masterpiece, shiny|100/100\n|-damage|p1a: Sinistcha|87/100|[from] Stealth Rock\n|turn|11\n|\n|t:|1777497378\n|move|p1a: Sinistcha|Calm Mind|p1a: Sinistcha\n|-boost|p1a: Sinistcha|spa|1\n|-boost|p1a: Sinistcha|spd|1\n|move|p2a: Heatran|Lava Plume|p1a: Sinistcha\n|-supereffective|p1a: Sinistcha\n|-damage|p1a: Sinistcha|53/100\n|-enditem|p1a: Sinistcha|Weakness Policy\n|-boost|p1a: Sinistcha|atk|2|[from] item: Weakness Policy\n|-boost|p1a: Sinistcha|spa|2|[from] item: Weakness Policy\n|\n|upkeep\n|turn|12\n|\n|t:|1777497386\n|move|p1a: Sinistcha|Shadow Ball|p2a: Heatran\n|-damage|p2a: Heatran|0 fnt\n|faint|p2a: Heatran\n|\n|upkeep\n|\n|t:|1777497391\n|switch|p2a: Samurott|Samurott-Hisui, M|90/100\n|-activate|p2a: Samurott|move: Sticky Web\n|-unboost|p2a: Samurott|spe|1\n|turn|13\n|\n|t:|1777497397\n|move|p2a: Samurott|Sucker Punch||[still]\n|-fail|p2a: Samurott\n|move|p1a: Sinistcha|Strength Sap|p2a: Samurott\n|-unboost|p2a: Samurott|atk|1\n|-heal|p1a: Sinistcha|100/100\n|\n|upkeep\n|turn|14\n|\n|t:|1777497407\n|move|p1a: Sinistcha|Giga Drain|p2a: Samurott\n|-supereffective|p2a: Samurott\n|-damage|p2a: Samurott|0 fnt\n|faint|p2a: Samurott\n|\n|upkeep\n|\n|t:|1777497412\n|switch|p2a: Gengar|Gengar, F|100/100\n|-activate|p2a: Gengar|move: Sticky Web\n|-unboost|p2a: Gengar|spe|1\n|turn|15\n|\n|t:|1777497437\n|move|p2a: Gengar|Destiny Bond|p2a: Gengar\n|-singlemove|p2a: Gengar|Destiny Bond\n|move|p1a: Sinistcha|Shadow Ball|p2a: Gengar\n|-supereffective|p2a: Gengar\n|-damage|p2a: Gengar|0 fnt\n|faint|p2a: Gengar\n|-activate|p2a: Gengar|move: Destiny Bond\n|faint|p1a: Sinistcha\n|\n|upkeep\n|c|\u2606ShowerCurt|Dang\n|inactive|ShowerCurt has 120 seconds left.\n|\n|t:|1777497455\n|switch|p2a: Weavile|Weavile, F|100/100 par\n|switch|p1a: Braviary|Braviary-Hisui, M, shiny|100/100\n|-damage|p1a: Braviary|75/100|[from] Stealth Rock\n|-activate|p2a: Weavile|move: Sticky Web\n|-unboost|p2a: Weavile|spe|1\n|turn|16\n|inactive|ShowerCurt has 120 seconds left.\n|\n|t:|1777497466\n|-terastallize|p1a: Braviary|Electric\n|move|p1a: Braviary|Air Slash|p2a: Weavile\n|-damage|p2a: Weavile|58/100 par\n|cant|p2a: Weavile|flinch\n|\n|-heal|p1a: Braviary|81/100|[from] item: Leftovers\n|upkeep\n|turn|17\n|\n|t:|1777497473\n|move|p1a: Braviary|Calm Mind|p1a: Braviary\n|-boost|p1a: Braviary|spa|1\n|-boost|p1a: Braviary|spd|1\n|cant|p2a: Weavile|par\n|\n|-heal|p1a: Braviary|87/100|[from] item: Leftovers\n|upkeep\n|turn|18\n|c|\u2606BidoofDaLegend|ofc\n|\n|t:|1777497481\n|move|p1a: Braviary|Air Slash|p2a: Weavile\n|-damage|p2a: Weavile|0 fnt\n|faint|p2a: Weavile\n|\n|-heal|p1a: Braviary|93/100|[from] item: Leftovers\n|upkeep\n|\n|t:|1777497486\n|switch|p2a: Iron Boulder|Iron Boulder|100/100\n|-activate|p2a: Iron Boulder|move: Sticky Web\n|-unboost|p2a: Iron Boulder|spe|1\n|-enditem|p2a: Iron Boulder|Booster Energy\n|-activate|p2a: Iron Boulder|ability: Quark Drive|[fromitem]\n|-start|p2a: Iron Boulder|quarkdriveatk\n|turn|19\n|\n|t:|1777497496\n|-terastallize|p2a: Iron Boulder|Grass\n|move|p2a: Iron Boulder|Mighty Cleave|p1a: Braviary\n|-damage|p1a: Braviary|33/100\n|move|p1a: Braviary|Air Slash|p2a: Iron Boulder\n|-supereffective|p2a: Iron Boulder\n|-damage|p2a: Iron Boulder|5/100\n|\n|-heal|p1a: Braviary|39/100|[from] item: Leftovers\n|upkeep\n|turn|20\n|\n|t:|1777497504\n|move|p2a: Iron Boulder|Mighty Cleave|p1a: Braviary\n|-damage|p1a: Braviary|0 fnt\n|faint|p1a: Braviary\n|\n|win|BidoofDaLegend\n|raw|ShowerCurt's rating: 1413 &rarr; <strong>1391</strong><br />(-22 for losing)\n|raw|BidoofDaLegend's rating: 1378 &rarr; <strong>1400</strong><br />(+22 for winning)\n|c|\u2606ShowerCurt|GG\n|l|\u2606BidoofDaLegend\n|player|p2|\n|l|\u2606ShowerCurt\n|player|p1|\n", "uploadtime": 1777497770, "views": 5, "formatid": "gen9ou", "rating": 1391, "private": 0, "password": null}