{"id": "gen9ou-2597585497", "format": "[Gen 9] OU", "players": ["Zuifeng", "TheGlup"], "log": "|j|\u2606Zuifeng\n|j|\u2606TheGlup\n|t:|1777497176\n|gametype|singles\n|player|p1|Zuifeng|li|1755\n|player|p2|TheGlup|harlequin|1723\n|gen|9\n|tier|[Gen 9] OU\n|rated|\n|rule|HP Percentage Mod: HP is shown in percentages\n|rule|Endless Battle Clause: Forcing endless battles is banned\n|rule|Species Clause: Limit one of each Pok\u00e9mon\n|rule|OHKO Clause: OHKO moves are banned\n|rule|Evasion Items Clause: Evasion items are banned\n|rule|Evasion Moves Clause: Evasion moves are banned\n|rule|Evasion Abilities Clause: Evasion abilities are banned\n|rule|Sleep Moves Clause: Sleep-inducing moves are banned\n|clearpoke\n|poke|p1|Iron Moth|\n|poke|p1|Gliscor, F|\n|poke|p1|Hatterene, F|\n|poke|p1|Ogerpon-Wellspring, F|\n|poke|p1|Raging Bolt|\n|poke|p1|Zamazenta-*|\n|poke|p2|Latios, M|\n|poke|p2|Kingambit, M|\n|poke|p2|Tinkaton, F|\n|poke|p2|Pecharunt|\n|poke|p2|Landorus-Therian, M|\n|poke|p2|Ogerpon, F|\n|teampreview\n|inactive|Battle timer is ON: inactive players will automatically lose when time's up. (requested by TheGlup)\n|inactive|Zuifeng also wants the timer to be on.\n|inactive|TheGlup has 120 seconds left.\n|\n|t:|1777497225\n|teamsize|p1|6\n|teamsize|p2|6\n|start\n|switch|p1a: Zamazenta|Zamazenta|100/100\n|switch|p2a: Tinkaton|Tinkaton, F|100/100\n|-ability|p1a: Zamazenta|Dauntless Shield|boost\n|-boost|p1a: Zamazenta|def|1\n|-item|p2a: Tinkaton|Air Balloon\n|turn|1\n|j| kanaete onegai\n|\n|t:|1777497244\n|switch|p1a: Hatterene|Hatterene, F|100/100\n|move|p2a: Tinkaton|Thunder Wave|p1a: Hatterene\n|move|p1a: Hatterene|Thunder Wave|p2a: Tinkaton|[from] ability: Magic Bounce\n|-status|p2a: Tinkaton|par\n|\n|upkeep\n|turn|2\n|\n|t:|1777497257\n|switch|p1a: Iron Moth|Iron Moth|100/100\n|-enditem|p1a: Iron Moth|Booster Energy\n|-activate|p1a: Iron Moth|ability: Quark Drive|[fromitem]\n|-start|p1a: Iron Moth|quarkdrivespe\n|move|p2a: Tinkaton|Stealth Rock|p1a: Iron Moth\n|-sidestart|p1: Zuifeng|move: Stealth Rock\n|\n|upkeep\n|turn|3\n|\n|t:|1777497266\n|move|p1a: Iron Moth|Fiery Dance|p2a: Tinkaton\n|-supereffective|p2a: Tinkaton\n|-damage|p2a: Tinkaton|34/100 par\n|-enditem|p2a: Tinkaton|Air Balloon\n|move|p2a: Tinkaton|Thunder Wave|p1a: Iron Moth\n|-status|p1a: Iron Moth|par\n|\n|upkeep\n|turn|4\n|\n|t:|1777497288\n|switch|p2a: Latios|Latios, M|100/100\n|move|p1a: Iron Moth|Fiery Dance|p2a: Latios\n|-resisted|p2a: Latios\n|-damage|p2a: Latios|80/100\n|\n|upkeep\n|turn|5\n|\n|t:|1777497297\n|move|p2a: Latios|Luster Purge|p1a: Iron Moth\n|-supereffective|p1a: Iron Moth\n|-damage|p1a: Iron Moth|0 fnt\n|faint|p1a: Iron Moth\n|-end|p1a: Iron Moth|Quark Drive|[silent]\n|\n|upkeep\n|\n|t:|1777497305\n|switch|p1a: Hatterene|Hatterene, F|100/100\n|-damage|p1a: Hatterene|87/100|[from] Stealth Rock\n|turn|6\n|\n|t:|1777497314\n|switch|p2a: Tinkaton|Tinkaton, F|34/100 par\n|move|p1a: Hatterene|Mystical Fire|p2a: Tinkaton\n|-supereffective|p2a: Tinkaton\n|-damage|p2a: Tinkaton|0 fnt\n|faint|p2a: Tinkaton\n|\n|-heal|p1a: Hatterene|93/100|[from] item: Leftovers\n|upkeep\n|inactive|TheGlup has 120 seconds left.\n|\n|t:|1777497350\n|switch|p2a: Ogerpon|Ogerpon, F|100/100\n|turn|7\n|\n|t:|1777497360\n|switch|p1a: Zamazenta|Zamazenta|100/100\n|-damage|p1a: Zamazenta|93/100|[from] Stealth Rock\n|move|p2a: Ogerpon|Ivy Cudgel|p1a: Zamazenta\n|-damage|p1a: Zamazenta|51/100\n|\n|upkeep\n|turn|8\n|\n|t:|1777497388\n|move|p1a: Zamazenta|Reflect|p1a: Zamazenta\n|-sidestart|p1: Zuifeng|Reflect\n|move|p2a: Ogerpon|U-turn|p1a: Zamazenta\n|-resisted|p1a: Zamazenta\n|-damage|p1a: Zamazenta|47/100\n|inactive|TheGlup has 120 seconds left.\n|\n|t:|1777497402\n|switch|p2a: Pecharunt|Pecharunt|100/100|[from] U-turn\n|\n|upkeep\n|turn|9\n|\n|t:|1777497409\n|move|p1a: Zamazenta|Light Screen|p1a: Zamazenta\n|-sidestart|p1: Zuifeng|move: Light Screen\n|move|p2a: Pecharunt|Malignant Chain|p1a: Zamazenta\n|-damage|p1a: Zamazenta|35/100\n|\n|upkeep\n|turn|10\n|\n|t:|1777497415\n|switch|p1a: Gliscor|Gliscor, F|100/100\n|-damage|p1a: Gliscor|87/100|[from] Stealth Rock\n|move|p2a: Pecharunt|Parting Shot|p1a: Gliscor\n|-unboost|p1a: Gliscor|atk|1\n|-unboost|p1a: Gliscor|spa|1\n|j| harpers\n|\n|t:|1777497431\n|switch|p2a: Latios|Latios, M|80/100|[from] Parting Shot\n|\n|-status|p1a: Gliscor|tox|[from] item: Toxic Orb\n|upkeep\n|turn|11\n|\n|t:|1777497462\n|move|p2a: Latios|Surf|p1a: Gliscor\n|-supereffective|p1a: Gliscor\n|-damage|p1a: Gliscor|47/100 tox\n|move|p1a: Gliscor|Agility|p1a: Gliscor\n|-boost|p1a: Gliscor|spe|2\n|\n|-heal|p1a: Gliscor|60/100 tox|[from] ability: Poison Heal\n|upkeep\n|turn|12\n|inactive|Zuifeng has 120 seconds left.\n|inactive|TheGlup has 120 seconds left.\n|\n|t:|1777497477\n|switch|p2a: Landorus|Landorus-Therian, M|100/100\n|-ability|p2a: Landorus|Intimidate|boost\n|-unboost|p1a: Gliscor|atk|1\n|move|p1a: Gliscor|Swords Dance|p1a: Gliscor\n|-boost|p1a: Gliscor|atk|2\n|\n|-heal|p1a: Gliscor|72/100 tox|[from] ability: Poison Heal\n|upkeep\n|turn|13\n|\n|t:|1777497484\n|move|p1a: Gliscor|Swords Dance|p1a: Gliscor\n|-boost|p1a: Gliscor|atk|2\n|move|p2a: Landorus|U-turn|p1a: Gliscor\n|-resisted|p1a: Gliscor\n|-damage|p1a: Gliscor|66/100 tox\n|inactive|TheGlup has 120 seconds left.\n|\n|t:|1777497503\n|switch|p2a: Latios|Latios, M|80/100|[from] U-turn\n|\n|-heal|p1a: Gliscor|78/100 tox|[from] ability: Poison Heal\n|upkeep\n|turn|14\n|inactive|TheGlup has 120 seconds left.\n|\n|t:|1777497530\n|switch|p2a: Kingambit|Kingambit, M|100/100\n|-activate|p2a: Kingambit|ability: Supreme Overlord\n|-start|p2a: Kingambit|fallen1|[silent]\n|move|p1a: Gliscor|Facade|p2a: Kingambit\n|-resisted|p2a: Kingambit\n|-damage|p2a: Kingambit|63/100\n|\n|-heal|p2a: Kingambit|69/100|[from] item: Leftovers\n|-heal|p1a: Gliscor|91/100 tox|[from] ability: Poison Heal\n|upkeep\n|turn|15\n|j| roaringmoon94\n|\n|t:|1777497544\n|move|p2a: Kingambit|Sucker Punch||[still]\n|-fail|p2a: Kingambit\n|move|p1a: Gliscor|Swords Dance|p1a: Gliscor\n|-boost|p1a: Gliscor|atk|2\n|\n|-heal|p2a: Kingambit|75/100|[from] item: Leftovers\n|-heal|p1a: Gliscor|100/100 tox|[from] ability: Poison Heal\n|-sideend|p1: Zuifeng|Reflect\n|upkeep\n|turn|16\n|\n|t:|1777497551\n|move|p1a: Gliscor|Earthquake|p2a: Kingambit\n|-supereffective|p2a: Kingambit\n|-damage|p2a: Kingambit|0 fnt\n|faint|p2a: Kingambit\n|-end|p2a: Kingambit|fallen1|[silent]\n|\n|-sideend|p1: Zuifeng|move: Light Screen\n|upkeep\n|\n|t:|1777497566\n|switch|p2a: Pecharunt|Pecharunt|100/100\n|turn|17\n|\n|t:|1777497584\n|move|p1a: Gliscor|Facade|p2a: Pecharunt\n|-immune|p2a: Pecharunt\n|move|p2a: Pecharunt|Foul Play|p1a: Gliscor\n|-damage|p1a: Gliscor|26/100 tox\n|\n|-heal|p1a: Gliscor|38/100 tox|[from] ability: Poison Heal\n|upkeep\n|turn|18\n|\n|t:|1777497590\n|move|p1a: Gliscor|Earthquake|p2a: Pecharunt\n|-supereffective|p2a: Pecharunt\n|-damage|p2a: Pecharunt|0 fnt\n|faint|p2a: Pecharunt\n|\n|-heal|p1a: Gliscor|50/100g tox|[from] ability: Poison Heal\n|upkeep\n|\n|t:|1777497599\n|switch|p2a: Latios|Latios, M|80/100\n|turn|19\n|\n|t:|1777497608\n|-terastallize|p2a: Latios|Steel\n|move|p1a: Gliscor|Facade|p2a: Latios\n|-resisted|p2a: Latios\n|-damage|p2a: Latios|0 fnt\n|faint|p2a: Latios\n|\n|-heal|p1a: Gliscor|63/100 tox|[from] ability: Poison Heal\n|upkeep\n|-message|TheGlup forfeited.\n|\n|win|Zuifeng\n|raw|Zuifeng's rating: 1755 &rarr; <strong>1773</strong><br />(+18 for winning)\n|raw|TheGlup's rating: 1723 &rarr; <strong>1705</strong><br />(-18 for losing)\n|l|\u2606TheGlup\n|player|p2|\n|l|\u2606Zuifeng\n|player|p1|\n|l| roaringmoon94\n", "uploadtime": 1777497770, "views": 6, "formatid": "gen9ou", "rating": 1705, "private": 0, "password": null}