{"id": "gen9ou-2597581372", "format": "[Gen 9] OU", "players": ["On the wave now", "evil curse"], "log": "|j|\u2606On the wave now\n|j|\u2606evil curse\n|t:|1777496829\n|gametype|singles\n|player|p1|On the wave now|ruinmaniac|1689\n|player|p2|evil curse|lusamine-nihilego|1656\n|gen|9\n|tier|[Gen 9] OU\n|rated|\n|rule|HP Percentage Mod: HP is shown in percentages\n|rule|Endless Battle Clause: Forcing endless battles is banned\n|rule|Species Clause: Limit one of each Pok\u00e9mon\n|rule|OHKO Clause: OHKO moves are banned\n|rule|Evasion Items Clause: Evasion items are banned\n|rule|Evasion Moves Clause: Evasion moves are banned\n|rule|Evasion Abilities Clause: Evasion abilities are banned\n|rule|Sleep Moves Clause: Sleep-inducing moves are banned\n|clearpoke\n|poke|p1|Slowking-Galar, F|\n|poke|p1|Mamoswine, F|\n|poke|p1|Zapdos|\n|poke|p1|Dragapult, M|\n|poke|p1|Skarmory, F|\n|poke|p1|Ting-Lu|\n|poke|p2|Gliscor, F|\n|poke|p2|Kyurem|\n|poke|p2|Zamazenta-*|\n|poke|p2|Weezing-Galar, M|\n|poke|p2|Ogerpon, F|\n|poke|p2|Jirachi|\n|teampreview\n|c|\u2606evil curse|hf\n|c|\u2606On the wave now|u2\n|j| Faye Asteria\n|\n|t:|1777496848\n|teamsize|p1|6\n|teamsize|p2|6\n|start\n|switch|p1a: Mamoswine|Mamoswine, F|100/100\n|switch|p2a: Jirachi|Jirachi|100/100\n|-item|p2a: Jirachi|Air Balloon\n|turn|1\n|\n|t:|1777496857\n|move|p2a: Jirachi|Stealth Rock|p1a: Mamoswine\n|-sidestart|p1: On the wave now|move: Stealth Rock\n|move|p1a: Mamoswine|Knock Off|p2a: Jirachi\n|-supereffective|p2a: Jirachi\n|-damage|p2a: Jirachi|40/100\n|-enditem|p2a: Jirachi|Air Balloon\n|\n|upkeep\n|turn|2\n|\n|t:|1777496864\n|switch|p1a: Ting-Lu|Ting-Lu|100/100\n|-ability|p1a: Ting-Lu|Vessel of Ruin\n|move|p2a: Jirachi|Flash Cannon|p1a: Ting-Lu\n|-damage|p1a: Ting-Lu|88/100\n|\n|upkeep\n|turn|3\n|\n|t:|1777496871\n|switch|p2a: Kyurem|Kyurem|100/100\n|-ability|p2a: Kyurem|Pressure\n|move|p1a: Ting-Lu|Spikes|p2a: Kyurem\n|-sidestart|p2: evil curse|Spikes\n|\n|upkeep\n|turn|4\n|j| kanaete onegai\n|\n|t:|1777496875\n|switch|p1a: Slowking|Slowking-Galar, F|100/100\n|move|p2a: Kyurem|Freeze-Dry|p1a: Slowking\n|-damage|p1a: Slowking|78/100\n|\n|upkeep\n|turn|5\n|\n|t:|1777496883\n|move|p2a: Kyurem|Substitute|p2a: Kyurem\n|-start|p2a: Kyurem|Substitute\n|-damage|p2a: Kyurem|75/100\n|move|p1a: Slowking|Toxic||[still]\n|-fail|p1a: Slowking\n|\n|-heal|p2a: Kyurem|81/100|[from] item: Leftovers\n|upkeep\n|turn|6\n|\n|t:|1777496888\n|move|p2a: Kyurem|Earth Power|p1a: Slowking\n|-supereffective|p1a: Slowking\n|-damage|p1a: Slowking|41/100\n|move|p1a: Slowking|Sludge Bomb|p2a: Kyurem\n|-end|p2a: Kyurem|Substitute\n|\n|-heal|p2a: Kyurem|87/100|[from] item: Leftovers\n|upkeep\n|turn|7\n|\n|t:|1777496893\n|move|p2a: Kyurem|Earth Power|p1a: Slowking\n|-supereffective|p1a: Slowking\n|-damage|p1a: Slowking|5/100\n|-prepare|p1a: Slowking|Chilly Reception|[premajor]\n|move|p1a: Slowking|Chilly Reception|p1a: Slowking\n|-weather|Snowscape\n|\n|t:|1777496899\n|switch|p1a: Mamoswine|Mamoswine, F|100/100|[from] Chilly Reception\n|\n|-weather|Snowscape|[upkeep]\n|-heal|p2a: Kyurem|93/100|[from] item: Leftovers\n|upkeep\n|turn|8\n|\n|t:|1777496907\n|move|p2a: Kyurem|Earth Power|p1a: Mamoswine\n|-damage|p1a: Mamoswine|59/100\n|move|p1a: Mamoswine|Knock Off|p2a: Kyurem\n|-damage|p2a: Kyurem|68/100\n|-enditem|p2a: Kyurem|Leftovers|[from] move: Knock Off|[of] p1a: Mamoswine\n|\n|-weather|Snowscape|[upkeep]\n|upkeep\n|turn|9\n|\n|t:|1777496915\n|move|p2a: Kyurem|Freeze-Dry|p1a: Mamoswine\n|-damage|p1a: Mamoswine|33/100\n|move|p1a: Mamoswine|Earthquake|p2a: Kyurem\n|-damage|p2a: Kyurem|34/100\n|\n|-weather|Snowscape|[upkeep]\n|upkeep\n|turn|10\n|l| Faye Asteria\n|\n|t:|1777496930\n|switch|p1a: Ting-Lu|Ting-Lu|88/100\n|-ability|p1a: Ting-Lu|Vessel of Ruin\n|move|p2a: Kyurem|Earth Power|p1a: Ting-Lu\n|-damage|p1a: Ting-Lu|76/100\n|-unboost|p1a: Ting-Lu|spd|1\n|\n|-weather|Snowscape|[upkeep]\n|upkeep\n|turn|11\n|\n|t:|1777496940\n|move|p2a: Kyurem|Freeze-Dry|p1a: Ting-Lu\n|-supereffective|p1a: Ting-Lu\n|-damage|p1a: Ting-Lu|32/100\n|move|p1a: Ting-Lu|Whirlwind|p2a: Kyurem\n|drag|p2a: Zamazenta|Zamazenta|100/100\n|-damage|p2a: Zamazenta|87/100|[from] Spikes\n|-ability|p2a: Zamazenta|Dauntless Shield|boost\n|-boost|p2a: Zamazenta|def|1\n|\n|-weather|none\n|upkeep\n|turn|12\n|\n|t:|1777496944\n|switch|p1a: Zapdos|Zapdos|100/100\n|move|p2a: Zamazenta|Close Combat|p1a: Zapdos\n|-resisted|p1a: Zapdos\n|-damage|p1a: Zapdos|65/100\n|-unboost|p2a: Zamazenta|def|1\n|-unboost|p2a: Zamazenta|spd|1\n|\n|upkeep\n|turn|13\n|\n|t:|1777496958\n|switch|p2a: Kyurem|Kyurem|34/100\n|-damage|p2a: Kyurem|22/100|[from] Spikes\n|-ability|p2a: Kyurem|Pressure\n|switch|p1a: Skarmory|Skarmory, F|100/100\n|-damage|p1a: Skarmory|87/100|[from] Stealth Rock\n|\n|upkeep\n|turn|14\n|\n|t:|1777496964\n|move|p2a: Kyurem|Freeze-Dry|p1a: Skarmory\n|-damage|p1a: Skarmory|38/100\n|move|p1a: Skarmory|Body Press|p2a: Kyurem\n|-supereffective|p2a: Kyurem\n|-damage|p2a: Kyurem|0 fnt\n|faint|p2a: Kyurem\n|\n|upkeep\n|\n|t:|1777496971\n|switch|p2a: Zamazenta|Zamazenta|87/100\n|-damage|p2a: Zamazenta|75/100|[from] Spikes\n|turn|15\n|\n|t:|1777496975\n|switch|p1a: Zapdos|Zapdos|65/100\n|move|p2a: Zamazenta|Close Combat|p1a: Zapdos\n|-resisted|p1a: Zapdos\n|-damage|p1a: Zapdos|35/100\n|-unboost|p2a: Zamazenta|def|1\n|-unboost|p2a: Zamazenta|spd|1\n|-status|p2a: Zamazenta|par|[from] ability: Static|[of] p1a: Zapdos\n|\n|upkeep\n|turn|16\n|\n|t:|1777496985\n|switch|p2a: Gliscor|Gliscor, F|100/100\n|move|p1a: Zapdos|Roost|p1a: Zapdos\n|-heal|p1a: Zapdos|85/100\n|-singleturn|p1a: Zapdos|move: Roost\n|\n|-status|p2a: Gliscor|tox|[from] item: Toxic Orb\n|upkeep\n|turn|17\n|\n|t:|1777496993\n|switch|p2a: Jirachi|Jirachi|40/100\n|-damage|p2a: Jirachi|28/100|[from] Spikes\n|switch|p1a: Slowking|Slowking-Galar, F|38/100\n|\n|upkeep\n|turn|18\n|\n|t:|1777497007\n|switch|p1a: Ting-Lu|Ting-Lu|32/100\n|-ability|p1a: Ting-Lu|Vessel of Ruin\n|move|p2a: Jirachi|Flash Cannon|p1a: Ting-Lu\n|-damage|p1a: Ting-Lu|20/100y\n|\n|upkeep\n|turn|19\n|\n|t:|1777497013\n|move|p2a: Jirachi|Flash Cannon|p1a: Ting-Lu\n|-damage|p1a: Ting-Lu|8/100\n|move|p1a: Ting-Lu|Spikes|p2a: Jirachi\n|-sidestart|p2: evil curse|Spikes\n|\n|upkeep\n|turn|20\n|\n|t:|1777497016\n|move|p2a: Jirachi|Flash Cannon|p1a: Ting-Lu\n|-damage|p1a: Ting-Lu|0 fnt\n|faint|p1a: Ting-Lu\n|\n|upkeep\n|\n|t:|1777497017\n|switch|p1a: Dragapult|Dragapult, M|100/100\n|turn|21\n|\n|t:|1777497020\n|move|p1a: Dragapult|Hex|p2a: Jirachi\n|-supereffective|p2a: Jirachi\n|-damage|p2a: Jirachi|0 fnt\n|faint|p2a: Jirachi\n|\n|upkeep\n|\n|t:|1777497025\n|switch|p2a: Gliscor|Gliscor, F|100/100 tox\n|turn|22\n|\n|t:|1777497030\n|move|p1a: Dragapult|U-turn|p2a: Gliscor\n|-resisted|p2a: Gliscor\n|-crit|p2a: Gliscor\n|-damage|p2a: Gliscor|89/100 tox\n|\n|t:|1777497036\n|switch|p1a: Zapdos|Zapdos|85/100|[from] U-turn\n|move|p2a: Gliscor|Toxic|p1a: Zapdos\n|-status|p1a: Zapdos|tox\n|\n|-heal|p2a: Gliscor|100/100 tox|[from] ability: Poison Heal\n|-damage|p1a: Zapdos|79/100 tox|[from] psn\n|upkeep\n|turn|23\n|\n|t:|1777497045\n|switch|p1a: Slowking|Slowking-Galar, F|71/100\n|move|p2a: Gliscor|Substitute|p2a: Gliscor\n|-start|p2a: Gliscor|Substitute\n|-damage|p2a: Gliscor|75/100 tox\n|\n|-heal|p2a: Gliscor|87/100 tox|[from] ability: Poison Heal\n|upkeep\n|turn|24\n|\n|t:|1777497049\n|move|p2a: Gliscor|Earthquake|p1a: Slowking\n|-supereffective|p1a: Slowking\n|-damage|p1a: Slowking|4/100\n|move|p1a: Slowking|Future Sight|p2a: Gliscor\n|-start|p1a: Slowking|move: Future Sight\n|\n|-heal|p2a: Gliscor|100/100 tox|[from] ability: Poison Heal\n|upkeep\n|turn|25\n|\n|t:|1777497062\n|switch|p2a: Zamazenta|Zamazenta|75/100 par\n|-damage|p2a: Zamazenta|58/100 par|[from] Spikes\n|switch|p1a: Skarmory|Skarmory, F|38/100\n|-damage|p1a: Skarmory|26/100|[from] Stealth Rock\n|\n|upkeep\n|turn|26\n|\n|t:|1777497068\n|switch|p1a: Slowking|Slowking-Galar, F|37/100\n|move|p2a: Zamazenta|Close Combat|p1a: Slowking\n|-resisted|p1a: Slowking\n|-damage|p1a: Slowking|14/100\n|-unboost|p2a: Zamazenta|def|1\n|-unboost|p2a: Zamazenta|spd|1\n|\n|-end|p2a: Zamazenta|move: Future Sight\n|-supereffective|p2a: Zamazenta\n|-damage|p2a: Zamazenta|0 fnt\n|faint|p2a: Zamazenta\n|upkeep\n|\n|t:|1777497074\n|switch|p2a: Ogerpon|Ogerpon, F|100/100\n|-damage|p2a: Ogerpon|83/100|[from] Spikes\n|turn|27\n|\n|t:|1777497079\n|move|p2a: Ogerpon|Knock Off|p1a: Slowking\n|-supereffective|p1a: Slowking\n|-damage|p1a: Slowking|0 fnt\n|-enditem|p1a: Slowking|Heavy-Duty Boots|[from] move: Knock Off|[of] p2a: Ogerpon\n|faint|p1a: Slowking\n|\n|upkeep\n|\n|t:|1777497083\n|switch|p1a: Zapdos|Zapdos|79/100 tox\n|turn|28\n|\n|t:|1777497090\n|switch|p2a: Gliscor|Gliscor, F|100/100 tox\n|move|p1a: Zapdos|Hurricane|p2a: Gliscor\n|-crit|p2a: Gliscor\n|-damage|p2a: Gliscor|19/100 tox\n|\n|-heal|p2a: Gliscor|31/100 tox|[from] ability: Poison Heal\n|-damage|p1a: Zapdos|73/100 tox|[from] psn\n|upkeep\n|turn|29\n|\n|t:|1777497101\n|switch|p1a: Skarmory|Skarmory, F|26/100\n|-damage|p1a: Skarmory|14/100|[from] Stealth Rock\n|move|p2a: Gliscor|Substitute|p2a: Gliscor\n|-start|p2a: Gliscor|Substitute\n|-damage|p2a: Gliscor|6/100 tox\n|\n|-heal|p2a: Gliscor|19/100 tox|[from] ability: Poison Heal\n|upkeep\n|turn|30\n|\n|t:|1777497107\n|switch|p2a: Weezing|Weezing-Galar, M|100/100\n|-ability|p2a: Weezing|Neutralizing Gas\n|move|p1a: Skarmory|Roost|p1a: Skarmory\n|-heal|p1a: Skarmory|64/100\n|-singleturn|p1a: Skarmory|move: Roost\n|\n|upkeep\n|turn|31\n|\n|t:|1777497112\n|move|p1a: Skarmory|Stealth Rock|p2a: Weezing\n|-sidestart|p2: evil curse|move: Stealth Rock\n|move|p2a: Weezing|Will-O-Wisp|p1a: Skarmory|[miss]\n|-miss|p2a: Weezing|p1a: Skarmory\n|\n|upkeep\n|turn|32\n|\n|t:|1777497116\n|switch|p1a: Zapdos|Zapdos|73/100 tox\n|move|p2a: Weezing|Defog|p1a: Zapdos\n|-unboost|p1a: Zapdos|evasion|1\n|-sideend|p1: On the wave now|Stealth Rock|[from] move: Defog|[of] p2a: Weezing\n|-sideend|p2: evil curse|Spikes|[from] move: Defog|[of] p2a: Weezing\n|-sideend|p2: evil curse|Stealth Rock|[from] move: Defog|[of] p2a: Weezing\n|\n|-damage|p1a: Zapdos|67/100 tox|[from] psn\n|upkeep\n|turn|33\n|\n|t:|1777497123\n|move|p1a: Zapdos|Hurricane|p2a: Weezing\n|-damage|p2a: Weezing|40/100\n|move|p2a: Weezing|Sludge Bomb|p1a: Zapdos\n|-crit|p1a: Zapdos\n|-damage|p1a: Zapdos|25/100 tox\n|\n|-damage|p1a: Zapdos|13/100 tox|[from] psn\n|upkeep\n|turn|34\n|\n|t:|1777497128\n|move|p1a: Zapdos|Volt Switch|p2a: Weezing\n|-crit|p2a: Weezing\n|-damage|p2a: Weezing|0 fnt\n|faint|p2a: Weezing\n|-end|p2a: Weezing|ability: Neutralizing Gas\n|\n|t:|1777497131\n|switch|p1a: Dragapult|Dragapult, M|100/100|[from] Volt Switch\n|\n|upkeep\n|\n|t:|1777497134\n|switch|p2a: Ogerpon|Ogerpon, F|83/100\n|turn|35\n|\n|t:|1777497144\n|switch|p1a: Zapdos|Zapdos|13/100 tox\n|move|p2a: Ogerpon|Swords Dance|p2a: Ogerpon\n|-boost|p2a: Ogerpon|atk|2\n|\n|-damage|p1a: Zapdos|7/100 tox|[from] psn\n|upkeep\n|turn|36\n|\n|t:|1777497148\n|move|p2a: Ogerpon|Ivy Cudgel|p1a: Zapdos\n|-resisted|p1a: Zapdos\n|-damage|p1a: Zapdos|0 fnt\n|faint|p1a: Zapdos\n|\n|upkeep\n|\n|t:|1777497150\n|switch|p1a: Skarmory|Skarmory, F|64/100\n|turn|37\n|\n|t:|1777497155\n|move|p2a: Ogerpon|Knock Off|p1a: Skarmory\n|-damage|p1a: Skarmory|22/100\n|-damage|p2a: Ogerpon|66/100|[from] item: Rocky Helmet|[of] p1a: Skarmory\n|-enditem|p1a: Skarmory|Rocky Helmet|[from] move: Knock Off|[of] p2a: Ogerpon\n|move|p1a: Skarmory|Body Press|p2a: Ogerpon\n|-damage|p2a: Ogerpon|29/100\n|\n|upkeep\n|turn|38\n|\n|t:|1777497157\n|move|p2a: Ogerpon|Knock Off|p1a: Skarmory\n|-crit|p1a: Skarmory\n|-damage|p1a: Skarmory|0 fnt\n|faint|p1a: Skarmory\n|\n|upkeep\n|\n|t:|1777497159\n|switch|p1a: Mamoswine|Mamoswine, F|33/100\n|turn|39\n|\n|t:|1777497164\n|move|p1a: Mamoswine|Ice Shard|p2a: Ogerpon\n|-supereffective|p2a: Ogerpon\n|-damage|p2a: Ogerpon|0 fnt\n|faint|p2a: Ogerpon\n|\n|upkeep\n|\n|t:|1777497165\n|switch|p2a: Gliscor|Gliscor, F|19/100 tox\n|turn|40\n|\n|t:|1777497169\n|move|p2a: Gliscor|Protect|p2a: Gliscor\n|-singleturn|p2a: Gliscor|Protect\n|move|p1a: Mamoswine|Knock Off|p2a: Gliscor\n|-activate|p2a: Gliscor|move: Protect\n|\n|-heal|p2a: Gliscor|31/100 tox|[from] ability: Poison Heal\n|upkeep\n|turn|41\n|\n|t:|1777497176\n|-terastallize|p2a: Gliscor|Dark\n|move|p2a: Gliscor|Earthquake|p1a: Mamoswine\n|-damage|p1a: Mamoswine|0 fnt\n|faint|p1a: Mamoswine\n|\n|-heal|p2a: Gliscor|44/100 tox|[from] ability: Poison Heal\n|upkeep\n|\n|t:|1777497179\n|switch|p1a: Dragapult|Dragapult, M|100/100\n|turn|42\n|\n|t:|1777497186\n|move|p2a: Gliscor|Protect|p2a: Gliscor\n|-singleturn|p2a: Gliscor|Protect\n|move|p1a: Dragapult|Dragon Darts|p2a: Gliscor\n|-activate|p2a: Gliscor|move: Protect\n|\n|-heal|p2a: Gliscor|56/100 tox|[from] ability: Poison Heal\n|upkeep\n|turn|43\n|\n|t:|1777497189\n|-terastallize|p1a: Dragapult|Steel\n|move|p1a: Dragapult|Dragon Darts|p2a: Gliscor\n|-damage|p2a: Gliscor|41/100 tox\n|-anim|p1a: Dragapult|Dragon Darts|p2a: Gliscor\n|-damage|p2a: Gliscor|26/100 tox\n|move|p2a: Gliscor|Toxic|p1a: Dragapult\n|-immune|p1a: Dragapult\n|\n|-heal|p2a: Gliscor|38/100 tox|[from] ability: Poison Heal\n|upkeep\n|turn|44\n|\n|t:|1777497200\n|move|p2a: Gliscor|Protect|p2a: Gliscor\n|-singleturn|p2a: Gliscor|Protect\n|move|p1a: Dragapult|Dragon Darts|p2a: Gliscor\n|-activate|p2a: Gliscor|move: Protect\n|\n|-heal|p2a: Gliscor|51/100 tox|[from] ability: Poison Heal\n|upkeep\n|turn|45\n|\n|t:|1777497203\n|move|p1a: Dragapult|Dragon Darts|p2a: Gliscor\n|-damage|p2a: Gliscor|36/100 tox\n|-anim|p1a: Dragapult|Dragon Darts|p2a: Gliscor\n|-damage|p2a: Gliscor|19/100 tox\n|move|p2a: Gliscor|Earthquake|p1a: Dragapult\n|-supereffective|p1a: Dragapult\n|-damage|p1a: Dragapult|5/100\n|\n|-heal|p2a: Gliscor|32/100 tox|[from] ability: Poison Heal\n|upkeep\n|turn|46\n|\n|t:|1777497210\n|move|p2a: Gliscor|Protect|p2a: Gliscor\n|-singleturn|p2a: Gliscor|Protect\n|move|p1a: Dragapult|Dragon Darts|p2a: Gliscor\n|-activate|p2a: Gliscor|move: Protect\n|\n|-heal|p2a: Gliscor|44/100 tox|[from] ability: Poison Heal\n|upkeep\n|turn|47\n|\n|t:|1777497215\n|move|p1a: Dragapult|Dragon Darts|p2a: Gliscor\n|-damage|p2a: Gliscor|28/100 tox\n|-anim|p1a: Dragapult|Dragon Darts|p2a: Gliscor\n|-damage|p2a: Gliscor|11/100 tox\n|move|p2a: Gliscor|Earthquake|p1a: Dragapult\n|-supereffective|p1a: Dragapult\n|-damage|p1a: Dragapult|0 fnt\n|faint|p1a: Dragapult\n|\n|win|evil curse\n|raw|On the wave now's rating: 1689 &rarr; <strong>1667</strong><br />(-22 for losing)\n|raw|evil curse's rating: 1656 &rarr; <strong>1678</strong><br />(+22 for winning)\n|l|\u2606On the wave now\n|player|p1|\n|c|\u2606evil curse|gg\n|l|\u2606evil curse\n|player|p2|\n", "uploadtime": 1777497356, "views": 26, "formatid": "gen9ou", "rating": 1667, "private": 0, "password": null}