{"id": "gen9ou-2597578870", "format": "[Gen 9] OU", "players": ["calamitycow", "EmX_14"], "log": "|j|\u203dcalamitycow\n|j|\u2606EmX_14\n|t:|1777496613\n|gametype|singles\n|player|p1|calamitycow|170|1474\n|player|p2|EmX_14|swimmer-gen4dp|1412\n|gen|9\n|tier|[Gen 9] OU\n|rated|\n|rule|HP Percentage Mod: HP is shown in percentages\n|rule|Endless Battle Clause: Forcing endless battles is banned\n|rule|Species Clause: Limit one of each Pok\u00e9mon\n|rule|OHKO Clause: OHKO moves are banned\n|rule|Evasion Items Clause: Evasion items are banned\n|rule|Evasion Moves Clause: Evasion moves are banned\n|rule|Evasion Abilities Clause: Evasion abilities are banned\n|rule|Sleep Moves Clause: Sleep-inducing moves are banned\n|clearpoke\n|poke|p1|Kyurem|\n|poke|p1|Corviknight, M|\n|poke|p1|Ting-Lu|\n|poke|p1|Dondozo, M|\n|poke|p1|Slowking-Galar, F|\n|poke|p1|Cinderace, M|\n|poke|p2|Gogoat, F|\n|poke|p2|Alomomola, M|\n|poke|p2|Gliscor, M|\n|poke|p2|Rillaboom, M|\n|poke|p2|Great Tusk|\n|poke|p2|Blissey, F|\n|teampreview\n|inactive|Battle timer is ON: inactive players will automatically lose when time's up. (requested by calamitycow)\n|\n|t:|1777496649\n|teamsize|p1|6\n|teamsize|p2|6\n|start\n|switch|p1a: Corviknight|Corviknight, M|100/100\n|switch|p2a: Gliscor|Gliscor, M|100/100\n|-ability|p1a: Corviknight|Pressure\n|turn|1\n|\n|t:|1777496658\n|move|p2a: Gliscor|Swords Dance|p2a: Gliscor\n|-boost|p2a: Gliscor|atk|2\n|move|p1a: Corviknight|U-turn|p2a: Gliscor\n|-resisted|p2a: Gliscor\n|-damage|p2a: Gliscor|92/100\n|\n|t:|1777496661\n|switch|p1a: Kyurem|Kyurem|100/100|[from] U-turn\n|-ability|p1a: Kyurem|Pressure\n|\n|-status|p2a: Gliscor|tox|[from] item: Toxic Orb\n|upkeep\n|turn|2\n|\n|t:|1777496668\n|switch|p2a: Blissey|Blissey, F, shiny|100/100\n|move|p1a: Kyurem|Substitute|p1a: Kyurem\n|-start|p1a: Kyurem|Substitute\n|-damage|p1a: Kyurem|75/100\n|\n|-heal|p1a: Kyurem|81/100|[from] item: Leftovers\n|upkeep\n|turn|3\n|\n|t:|1777496687\n|move|p1a: Kyurem|Freeze-Dry|p2a: Blissey\n|-damage|p2a: Blissey|90/100\n|move|p2a: Blissey|Zen Headbutt|p1a: Kyurem\n|-activate|p1a: Kyurem|move: Substitute|[damage]\n|\n|-heal|p1a: Kyurem|87/100|[from] item: Leftovers\n|upkeep\n|turn|4\n|\n|t:|1777496697\n|move|p1a: Kyurem|Freeze-Dry|p2a: Blissey\n|-damage|p2a: Blissey|81/100\n|-status|p2a: Blissey|frz\n|cant|p2a: Blissey|frz\n|\n|-heal|p1a: Kyurem|93/100|[from] item: Leftovers\n|upkeep\n|turn|5\n|\n|t:|1777496704\n|move|p1a: Kyurem|Freeze-Dry|p2a: Blissey\n|-crit|p2a: Blissey\n|-damage|p2a: Blissey|65/100 frz\n|cant|p2a: Blissey|frz\n|\n|-heal|p1a: Kyurem|99/100|[from] item: Leftovers\n|upkeep\n|turn|6\n|\n|t:|1777496709\n|move|p1a: Kyurem|Freeze-Dry|p2a: Blissey\n|-damage|p2a: Blissey|56/100 frz\n|-curestatus|p2a: Blissey|frz|[msg]\n|move|p2a: Blissey|Zen Headbutt|p1a: Kyurem\n|-activate|p1a: Kyurem|move: Substitute|[damage]\n|\n|-heal|p1a: Kyurem|100/100|[from] item: Leftovers\n|upkeep\n|turn|7\n|\n|t:|1777496716\n|move|p1a: Kyurem|Freeze-Dry|p2a: Blissey\n|-damage|p2a: Blissey|46/100\n|move|p2a: Blissey|Zen Headbutt|p1a: Kyurem\n|-activate|p1a: Kyurem|move: Substitute|[damage]\n|\n|upkeep\n|turn|8\n|\n|t:|1777496728\n|switch|p2a: Rillaboom|Rillaboom, M|100/100\n|-fieldstart|move: Grassy Terrain|[from] ability: Grassy Surge|[of] p2a: Rillaboom\n|move|p1a: Kyurem|Freeze-Dry|p2a: Rillaboom\n|-supereffective|p2a: Rillaboom\n|-damage|p2a: Rillaboom|1/100\n|\n|-heal|p2a: Rillaboom|7/100|[from] Grassy Terrain\n|upkeep\n|turn|9\n|\n|t:|1777496736\n|move|p1a: Kyurem|Earth Power|p2a: Rillaboom\n|-resisted|p2a: Rillaboom\n|-damage|p2a: Rillaboom|0 fnt\n|faint|p2a: Rillaboom\n|\n|upkeep\n|\n|t:|1777496743\n|switch|p2a: Great Tusk|Great Tusk|100/100\n|turn|10\n|\n|t:|1777496765\n|-terastallize|p2a: Great Tusk|Steel\n|move|p1a: Kyurem|Freeze-Dry|p2a: Great Tusk\n|-resisted|p2a: Great Tusk\n|-damage|p2a: Great Tusk|76/100\n|move|p2a: Great Tusk|Rapid Spin|p1a: Kyurem\n|-crit|p1a: Kyurem\n|-end|p1a: Kyurem|Substitute\n|-boost|p2a: Great Tusk|spe|1\n|\n|-heal|p2a: Great Tusk|82/100|[from] Grassy Terrain\n|upkeep\n|turn|11\n|\n|t:|1777496773\n|move|p1a: Kyurem|Earth Power|p2a: Great Tusk\n|-supereffective|p2a: Great Tusk\n|-damage|p2a: Great Tusk|9/100\n|move|p2a: Great Tusk|Knock Off|p1a: Kyurem\n|-damage|p1a: Kyurem|75/100\n|-enditem|p1a: Kyurem|Leftovers|[from] move: Knock Off|[of] p2a: Great Tusk\n|\n|-heal|p1a: Kyurem|81/100|[from] Grassy Terrain\n|-heal|p2a: Great Tusk|15/100|[from] Grassy Terrain\n|upkeep\n|turn|12\n|\n|t:|1777496785\n|move|p1a: Kyurem|Freeze-Dry|p2a: Great Tusk\n|-resisted|p2a: Great Tusk\n|-damage|p2a: Great Tusk|0 fnt\n|faint|p2a: Great Tusk\n|-end|p2a: Great Tusk|Protosynthesis|[silent]\n|\n|-heal|p1a: Kyurem|87/100|[from] Grassy Terrain\n|upkeep\n|\n|t:|1777496798\n|switch|p2a: Blissey|Blissey, F, shiny|46/100\n|turn|13\n|\n|t:|1777496803\n|move|p1a: Kyurem|Substitute|p1a: Kyurem\n|-start|p1a: Kyurem|Substitute\n|-damage|p1a: Kyurem|62/100\n|move|p2a: Blissey|Trick||[still]\n|-fail|p2a: Blissey\n|\n|-heal|p1a: Kyurem|68/100|[from] Grassy Terrain\n|-heal|p2a: Blissey|52/100|[from] Grassy Terrain\n|upkeep\n|turn|14\n|\n|t:|1777496810\n|move|p1a: Kyurem|Freeze-Dry|p2a: Blissey\n|-damage|p2a: Blissey|43/100\n|-status|p2a: Blissey|frz\n|cant|p2a: Blissey|frz\n|\n|-heal|p1a: Kyurem|74/100|[from] Grassy Terrain\n|-heal|p2a: Blissey|49/100 frz|[from] Grassy Terrain\n|upkeep\n|turn|15\n|\n|t:|1777496814\n|move|p1a: Kyurem|Freeze-Dry|p2a: Blissey\n|-damage|p2a: Blissey|39/100 frz\n|cant|p2a: Blissey|frz\n|\n|-heal|p1a: Kyurem|80/100|[from] Grassy Terrain\n|-heal|p2a: Blissey|46/100 frz|[from] Grassy Terrain\n|-fieldend|move: Grassy Terrain\n|upkeep\n|turn|16\n|\n|t:|1777496819\n|move|p1a: Kyurem|Freeze-Dry|p2a: Blissey\n|-damage|p2a: Blissey|36/100 frz\n|-curestatus|p2a: Blissey|frz|[msg]\n|move|p2a: Blissey|Trick||[still]\n|-fail|p2a: Blissey\n|\n|upkeep\n|turn|17\n|\n|t:|1777496840\n|switch|p2a: Gogoat|Gogoat, F, shiny|100/100\n|move|p1a: Kyurem|Freeze-Dry|p2a: Gogoat\n|-supereffective|p2a: Gogoat\n|-damage|p2a: Gogoat|58/100\n|\n|-heal|p2a: Gogoat|64/100|[from] item: Leftovers\n|upkeep\n|turn|18\n|\n|t:|1777496867\n|move|p2a: Gogoat|Protect|p2a: Gogoat\n|-singleturn|p2a: Gogoat|Protect\n|move|p1a: Kyurem|Freeze-Dry|p2a: Gogoat\n|-activate|p2a: Gogoat|move: Protect\n|\n|-heal|p2a: Gogoat|71/100|[from] item: Leftovers\n|upkeep\n|turn|19\n|\n|t:|1777496887\n|move|p1a: Kyurem|Freeze-Dry|p2a: Gogoat\n|-supereffective|p2a: Gogoat\n|-damage|p2a: Gogoat|24/100\n|move|p2a: Gogoat|Substitute|p2a: Gogoat\n|-fail|p2a: Gogoat|move: Substitute|[weak]\n|\n|-heal|p2a: Gogoat|30/100|[from] item: Leftovers\n|upkeep\n|turn|20\n|\n|t:|1777496903\n|move|p2a: Gogoat|Protect|p2a: Gogoat\n|-singleturn|p2a: Gogoat|Protect\n|move|p1a: Kyurem|Freeze-Dry|p2a: Gogoat\n|-activate|p2a: Gogoat|move: Protect\n|\n|-heal|p2a: Gogoat|36/100|[from] item: Leftovers\n|upkeep\n|turn|21\n|\n|t:|1777496909\n|switch|p2a: Blissey|Blissey, F, shiny|36/100\n|move|p1a: Kyurem|Freeze-Dry|p2a: Blissey\n|-damage|p2a: Blissey|27/100\n|-status|p2a: Blissey|frz\n|\n|upkeep\n|turn|22\n|\n|t:|1777496912\n|move|p1a: Kyurem|Freeze-Dry|p2a: Blissey\n|-damage|p2a: Blissey|17/100 frz\n|cant|p2a: Blissey|frz\n|\n|upkeep\n|turn|23\n|\n|t:|1777496916\n|move|p1a: Kyurem|Freeze-Dry|p2a: Blissey\n|-crit|p2a: Blissey\n|-damage|p2a: Blissey|2/100 frz\n|cant|p2a: Blissey|frz\n|\n|upkeep\n|turn|24\n|\n|t:|1777496920\n|switch|p2a: Gogoat|Gogoat, F, shiny|36/100\n|move|p1a: Kyurem|Freeze-Dry|p2a: Gogoat\n|-supereffective|p2a: Gogoat\n|-damage|p2a: Gogoat|0 fnt\n|faint|p2a: Gogoat\n|\n|upkeep\n|\n|t:|1777496922\n|switch|p2a: Alomomola|Alomomola, M|100/100\n|turn|25\n|\n|t:|1777496925\n|move|p1a: Kyurem|Freeze-Dry|p2a: Alomomola\n|-supereffective|p2a: Alomomola\n|-damage|p2a: Alomomola|11/100\n|move|p2a: Alomomola|Wish|p2a: Alomomola\n|\n|upkeep\n|turn|26\n|\n|t:|1777496930\n|move|p2a: Alomomola|Protect|p2a: Alomomola\n|-singleturn|p2a: Alomomola|Protect\n|move|p1a: Kyurem|Freeze-Dry|p2a: Alomomola\n|-activate|p2a: Alomomola|move: Protect\n|\n|-heal|p2a: Alomomola|61/100|[from] move: Wish|[wisher] Alomomola\n|upkeep\n|turn|27\n|-message|EmX_14 forfeited.\n|\n|win|calamitycow\n|raw|calamitycow's rating: 1474 &rarr; <strong>1490</strong><br />(+16 for winning)\n|raw|EmX_14's rating: 1412 &rarr; <strong>1396</strong><br />(-16 for losing)\n|l|\u2606EmX_14\n|player|p2|\n|l|\u203dcalamitycow\n|player|p1|\n", "uploadtime": 1777497081, "views": 15, "formatid": "gen9ou", "rating": 1396, "private": 0, "password": null}